2528 4530
263 320 369 406 oro.
386 321 443 407 V.
460 322 518 406 F.
535 320 618 423 V„
641 320 980 435 nanupaaoe.
1068 324 1118 409 15

179 475 397 542 CCCCXLVI.
417 481 537 542 Genus.
557 482 707 543 Asrsu.
728 482 848 565 Alyso'e.

181 599 317 680 Crypton
323 646 334 673 ,
352 605 485 661 Fan-
497 604 638 673 Bassus,
660 607 771 663 PAnc.
782 647 793 675 ,
818 604 918 663 Seru.
929 634 969 649 ·-
980 604 1118 668 Brona,

142 702 274 762 1η-
289 709 458 785 Ceohenns,
482 711 638 768 [urrann.
689 762 691 767 ,

176 870 299 941 cryptas
327 874 525 938 manducator,
553 873 619 926 Fab.
643 895 651 938 ς
679 876 790 926 Brauon
815 874 1014 941 manducator,
1036 874 1118 941 Jur.;

141 965 242 1018 PM.
262 970 355 1020 Foun.
374 972 476 1022 [nsect.
501 972 589 1022 Germ.
601 1005 608 1031 ,
621 967 700 1039 soso.
717 987 768 1040 72,
782 967 821 1021 ιθ.
839 970 864 1020 4.
882 969 958 1021 Fem.

173 1074 208 1125 ln
222 1078 406 1128 excrementis
421 1078 551 1129 humanis
565 1094 616 1128 ovs
631 1077 766 1146 deponere
783 1077 904 1129 videtur.

322 1323 626 1386 ransart
667 1323 939 1402 Qusnus.

208 1523 592 1574 mesosnrsnrn.
618 1504 1049 1576 nrrsostrnrnns.

173 1729 362 1785 Annossrro.
376 1735 501 1787 Familia
518 1736 685 1787 characteres
703 1735 858 1787 essentiales
875 1735 1033 1787 emendabo.

173 1823 330 1875 Oviductus
342 1828 493 1894 cauillans,
503 1837 588 1880 setam
600 1828 712 1880 unicam
726 1827 772 1898 (at
782 1828 976 1895 compositam)
988 1828 1117 1895 referens,

140 1935 173 1970 er
200 1921 358 1974 abdominis
381 1934 456 1991 parto
485 1925 594 1990 infera,
616 1924 691 1976 basin
717 1941 827 1988 vorsus,
844 1940 990 1992 enascens,
1009 1929 1118 1995 penitus

140 2014 195 2076 fere
205 2054 213 2082 ,
225 2018 271 2068 vel
283 2017 317 2069 ad
327 2027 419 2070 ortum
428 2020 524 2071 saltem
534 2057 542 2084 ,
552 2020 584 2069 in
592 2020 695 2087 spiram
705 2019 884 2084 convolutus,
895 2019 970 2071 intra
981 2025 1120 2074 musculos

139 2113 205 2165 duos
216 2132 399 2182 compressos,
415 2135 527 2169 corneos
538 2155 547 2183 ,
564 2115 754 2195 valvifqrmes,
765 2116 994 2184 longitudinales,
1005 2119 1119 2172 abscon·

139 2210 246 2262 dendus
256 2232 263 2277 3
273 2213 385 2263 valvula
400 2213 525 2281 singula,
542 2214 576 2266 ad
590 2231 694 2276 annm,
715 2217 785 2280 stylo
797 2233 948 2284 compresso
959 2218 1117 2270 terminata.

138 2307 213 2374 Palpi
228 2323 338 2375 semper
356 2309 452 2360 breves
471 2311 516 2361 vel
533 2328 631 2379 parum
649 2311 793 2379 producti,
808 2314 925 2364 articulo
947 2314 1066 2380 ultimo,
1087 2315 1119 2366 in

138 2405 286 2457 labialibus
306 2408 474 2474 praesertim,
493 2410 603 2477 majore.
624 2410 778 2474 Antenna,
803 2409 834 2459 in
849 2419 967 2478 auoque
986 2428 1066 2478 sexu,
1084 2413 1118 2463 fi-

137 2497 262 2551 liformes
277 2510 326 2551 aut
337 2501 386 2553 vix
398 2512 552 2556 extrorsum
565 2505 720 2569 crassiores,
728 2484 766 2556 ab
773 2505 904 2556 undecim
914 2507 948 2557 ad
957 2508 1118 2574 quindecim

137 2595 270 2646 articulos
279 2596 438 2666 distinctos,
449 2611 476 2652 at
484 2617 546 2651 raro
556 2600 687 2651 undecim
705 2600 748 2651 vel
763 2599 918 2652 duodecim.

172 2743 422 2796 Ossnnvsrronns.
435 2746 575 2799 Antenore
590 2746 671 2814 spatii
686 2745 879 2797 interocnlaris
896 2746 988 2798 medio
1001 2747 1119 2833 inserta,

140 2841 333 2907 approximate
345 2878 354 2906 ,
373 2841 404 2892 in
419 2839 535 2912 seminis
559 2842 677 2893 thoracis
701 2841 876 2910 longitudine
897 2852 945 2892 aut
966 2844 1015 2894 illo
1037 2847 1118 2913 paulo

138 2934 294 3003 longiores,
313 2938 409 3002 sapius
427 2939 509 3004 paulo
530 2946 557 2988 et
576 2937 710 3012 gradatim
731 2947 887 2988 extrorsum
905 2939 1067 3006 crassiores,
1085 2941 1118 2991 in

140 3030 270 3083 moniis
282 3032 434 3100 longiores,
449 3033 570 3101 corporis
588 3034 729 3085 interdum
748 3033 944 3101 longitudine,
963 3035 1048 3102 magis
1064 3035 1120 3087 fili·

137 3129 240 3183 formes
267 3143 350 3195 quam
368 3130 399 3180 in
413 3127 530 3199 feminis
541 3166 552 3191 ,
576 3131 691 3182 articulo
713 3131 831 3199 amplius
851 3148 908 3181 uno
926 3153 933 3195 3
953 3131 984 3181 in
1001 3140 1119 3201 utroque

139 3236 225 3287 mu,
238 3222 374 3274 articulus
394 3222 519 3274 basilnris
534 3223 661 3286 crassior,
676 3224 822 3274 obconicus
837 3245 845 3290 3
863 3223 998 3273 secundus
1009 3224 1120 3274 brevis-

141 3318 245 3384 simus,
260 3300 359 3370 tertius
372 3326 400 3368 et
418 3327 561 3386 sequentes
585 3318 734 3386 apiculibus
757 3319 942 3369 communiter
964 3318 1120 3388 longiores,

140 3417 226 3484 magis
242 3416 390 3483 cylindrici
403 3416 552 3467 autminus
564 3415 714 3467 rotundati.
728 3415 848 3466 Lobrum
859 3415 1018 3468 minimum.
1033 3422 1121 3470 Mon·

140 3490 245 3568 dibnloe
260 3515 423 3582 plerumque
438 3513 554 3580 breves,
568 3530 677 3574 crassa,
691 3513 723 3563 ad
738 3513 811 3564 latus
821 3513 964 3564 internum
977 3523 1120 3579 truncatae,

140 3610 271 3661 dentibus
286 3607 375 3660 tribus
388 3614 437 3657 aut
455 3605 578 3671 duobus;
601 3605 690 3657 infero
701 3605 816 3666 latiore,
840 3613 983 3671 truncato,
998 3609 1120 3674 emargi-

140 3715 219 3771 nato,
231 3705 331 3774 apicali
342 3711 421 3754 acuto
433 3725 441 3771 3
455 3701 617 3753 mandibula
628 3700 739 3752 sinistra
751 3701 870 3752 adextra
880 3700 1010 3753 dentibus
1018 3705 1120 3776 paulu-

102 3864 104 3868 ,
140 3803 202 3858 lum
211 3803 328 3855 diversa.
342 3798 430 3872 Polpr'
440 3797 598 3851 maxillares
612 3798 758 3850 labialibus
771 3815 785 3848 e
796 3796 877 3850 tertie
887 3807 963 3867 parte
973 3809 1021 3851 aut
1034 3799 1091 3852 fere
1104 3815 1119 3849 e
