2528 4530
294 365 400 455 Orci.
423 367 480 455 V.
497 366 714 469 EXII„
735 340 949 469 'Scolietaessr
1038 372 1113 458 101

174 527 293 581 Habitat
305 529 337 581 iu
348 529 440 581 insula
449 529 650 598 S.·Dominguo
662 548 667 578 :
680 529 800 598 Hogard.

177 681 274 730 Latro
287 677 445 748 ruficornir,
460 678 541 743 Fab.,
556 695 621 730 mas.
631 706 667 720 —·
679 681 713 730 L.
729 677 879 747 2-farciata
887 716 896 740 ,
911 679 996 746 ejusd.
1009 718 1016 745 ‚
1033 679 1117 750 fem.;

142 777 228 843 ejusd.
243 777 339 829 Scolia
357 779 526 841 tridentum,
541 794 616 843 mas;
630 777 722 830 Stizua
734 776 898 848 discuciatur
903 817 914 841 ,
925 782 947 830 J
949 796 997 831 un.
1014 783 1117 849 Hym.,

137 875 177 946 pt.
202 876 236 928 14
243 914 252 943 ,
272 893 338 930 mas,
360 907 395 918 -·
415 877 516 928 Crabra
530 877 650 937 iridem,
666 876 753 952 Palu,
778 893 843 927 mas.
862 903 898 917 -
916 876 1053 929 Meilinus
1075 896 1120 929 re-

137 976 268 1042 pandus,
287 977 404 1036 Pm„
418 976 508 1026 Faun.
528 977 629 1026 Inrect.
654 974 742 1025 Genn-
757 1012 766 1035 ,
781 972 855 1042 fasc.
885 973 947 1044 73,
976 974 1034 1026 tab.
1064 991 1117 1044 19,

131 1068 205 1121 iem.
219 1092 227 1134 5
242 1045 406 1137 procedenti
416 1071 535 1121 maxime
548 1070 654 1134 affinis,
668 1078 715 1120 aut
730 1069 807 1121 illius
819 1079 927 1122 tanturn
938 1070 1064 1123 varietas.

175 1168 292 1220 Habitat
314 1167 473 1236 Moguntii,
493 1167 566 1221 dom.
589 1167 778 1219 Waudhouer.
1016 1160 1019 1164 ⁵

174 1320 263 1371 Nota.
278 1319 382 1370 Aroolae
400 1320 560 1386 marginalis
581 1328 609 1370 ct
630 1317 841 1386 submarginalis
858 1319 942 1371 tertia
960 1317 1120 1399 anguloin-

142 1417 274 1487 terposito
294 1419 328 1470 ad
347 1420 453 1487 apicem
470 1419 618 1486 distantes,
636 1418 713 1470 utin
729 1416 893 1470 monedulis.

251 1691 556 1759 FAMILIA
596 1691 1005 1755 DUODECIMA.

320 1891 593 1940 scomurru.
630 1873 945 1941 scocrdrss.

182 2109 430 2159 osssaviuosus.
454 2107 595 2179 Antenrroe
615 2108 699 2175 vulgo
722 2105 878 2170 filiformes‚
897 2118 1006 2165 crassa,
1025 2113 1124 2166 rectu,

146 2205 229 2257 faciei
248 2203 340 2255 medio
363 2211 410 2253 aut
433 2203 514 2271 paulo
536 2203 652 2255 iuferius
684 2205 791 2254 insertae
809 2242 816 2268 ‚
837 2201 933 2271 capitis
953 2201 1125 2268 thoracisque

145 2299 256 2370 proprie
290 2297 359 2350 dicti
391 2300 602 2365 conjunctorum
635 2300 730 2350 saltem
762 2298 936 2366 longitudine
962 2336 970 2364 ,
999 2297 1125 2348 articulis

147 2395 281 2448 tredecim
303 2405 331 2446 et
361 2395 446 2462 magis
469 2394 601 2462 elongatis
623 2395 653 2444 in
679 2395 830 2459 masculis,
859 2394 1066 2461 quatuordecim
1092 2392 1126 2445 in

139 2491 269 2563 feminis;
288 2507 365 2557 scapo
384 2490 525 2557 longiore,
550 2490 754 2555 subcylindrico
775 2492 819 2542 vel
838 2491 985 2555 obconico,
1005 2489 1124 2541 secundo

145 2589 264 2640 articulo
279 2602 363 2654 parvo
377 2607 385 2651 ;
401 2586 505 2654 flagello
528 2585 561 2636 ad
581 2582 662 2637 basin
688 2595 837 2638 attenuato.
862 2587 982 2638 Lubrum
1000 2603 1056 2638 non
1077 2594 1127 2637 aut

145 2700 245 2752 parum
270 2689 428 2746 exsertum,
446 2681 591 2733 inflexum.
620 2682 794 2734 Mandibuloe
821 2683 925 2737 validoe.
950 2683 1039 2756 Palpi
1065 2684 1126 2750 ple-

146 2798 268 2849 rumque
277 2780 386 2844 breves,
406 2779 564 2845 filiforsn'es3
584 2781 739 2832 maxillares
752 2781 888 2849 longio'res
899 2821 906 2847 ,
917 2783 1042 2832 articulis
1054 2799 1101 2833 sex
1112 2803 1121 2848 ς

147 2877 262 2928 labiales
276 2875 401 2926 articulis
412 2884 540 2942 quatuor.
557 2876 687 2928 Maxilla·
709 2878 855 2941 coriaceae,
871 2878 945 2946 apice
962 2879 1127 2929 subinflexo.

147 2970 269 3024 Latium
291 2969 323 3020 in
346 2969 439 3036 quiete
468 2970 600 3020 reflexum
625 2980 673 3021 aut
697 2972 727 3021 in
757 2973 818 3023 tubi
845 2982 937 3023 mento
962 2981 1124 3024 retractum.

147 3071 272 3121 Meritum
300 3066 463 3117 obconicum
491 3075 538 3116 aut
564 3067 821 3134 subcylindricum,
850 3070 1024 3133 coriaceum,
1051 3068 1127 3136 spico

148 3175 223 3220 recta
245 3173 409 3215 transverso.
431 3162 576 3216 Abdomen
592 3163 767 3231 elongatum,
784 3167 907 3216 breviter
928 3165 1126 3232 pediculatum,

147 3269 288 3330 segmento
302 3259 392 3326 primo
402 3276 451 3310 nec
462 3257 654 3327 squamiformi
665 3276 715 3310 nec
725 3277 740 3310 a
753 3270 883 3328 sequente
902 3261 1044 3328 strangulo
1063 3278 1127 3328 pro-

147 3359 236 3411 fundo
254 3357 414 3409 discretum.

183 3451 266 3505 Oculi
280 3452 402 3521 plurium
418 3450 589 3520 emarginati.
612 3451 700 3502 Pedes
717 3450 749 3501 in
771 3450 867 3502 multis
883 3451 990 3503 robusti
1008 3475 1016 3517 ;
1036 3450 1125 3500 femo-

150 3549 227 3602 ribus
257 3548 418 3615 compressis
441 3570 449 3613 ς
476 3548 552 3598 tibiis
582 3547 698 3610 crassis,
719 3546 832 3614 spinosis
859 3547 903 3598 vel
931 3545 1129 3610 denticulatis,
1229 3596 1230 3599 ,

152 3644 226 3710 spico
248 3627 410 3708 calcaratis3
429 3644 507 3694 tarsis
526 3643 651 3704 villosis,
670 3643 787 3694 articulo
808 3642 919 3694 basilari
941 3660 995 3693 non
1013 3649 1061 3692 aut
1078 3640 1129 3690 vix

153 3738 226 3792 infra
255 3740 434 3806 emarginato.
460 3739 528 3792 Alae
554 3757 656 3809 superse
685 3758 734 3810 pro
758 3758 825 3791 sexu
848 3741 880 3791 in
906 3739 1002 3789 multis
1027 3736 1127 3799 variar,

154 3837 251 3890 areolis
268 3837 520 3910 submarginalibus
534 3846 563 3894 ct
579 3839 706 3910 perlectis
718 3840 815 3896 saltem
833 3839 939 3892 duobus
959 3833 1130 3899 totidemque
