2528 4530
303 342 409 431 ord.
433 343 489 430 V.
509 341 565 427 F.
583 343 674 445 X.,
698 344 987 432 Crobronites.
1073 351 1128 436 85

147 541 176 592 Β.
201 541 346 595 Antenaoe
365 559 421 594 non
438 541 620 612 geniculatae,
638 543 729 625 capjte
745 542 890 612 insigniter
907 543 1058 617 longiora,-
1075 554 1129 597 tres

379 637 481 691 areoloe
490 639 707 710 submerginnles
718 649 744 690 et
750 639 894 712 perfectoe.

307 786 419 856 (Caput
424 785 505 857 facie
514 805 611 858 supera
624 798 775 842 transverse
787 790 933 860 quadrata.
946 789 956 858 )

177 951 429 1004 onsnnvauouss.
459 953 599 1005 Antennoe
628 953 723 1021 capitis
753 953 832 1004 faciei
859 952 921 1024 fere
951 953 1001 1004 sub
1036 954 1122 1006 aredio

142 1048 270 1113 insertae,
300 1047 456 1114 distantes,
488 1050 585 1118 capitis
612 1050 785 1118 thoracisque
816 1051 927 1120 proprie
956 1050 1024 1100 dicti
1055 1052 1123 1101 lon-

142 1141 285 1209 gimeias,
306 1141 434 1209 graciles,
452 1142 570 1193 articulo
593 1143 683 1213 primo
705 1146 833 1212 majore,
863 1141 1044 1194 subobconico
1073 1153 1122 1194 aut

141 1241 367 1310 rubcylindri005
389 1242 507 1293 seeundo
529 1243 606 1294 brevi
623 1266 633 1312 ς
658 1245 740 1295 tertio
757 1245 935 1311 sequentibus
953 1245 1034 1310 paulo
1055 1245 1121 1294 lon-

140 1337 226 1402 giore.
250 1335 366 1406 Clypem
382 1347 567 1402 transversus,
584 1339 673 1390 antica
687 1348 715 1390 et
729 1339 829 1406 poetice
841 1340 990 1388 subrectus.
1002 1338 1121 1392 Labrum

138 1450 195 1482 non
212 1442 263 1482 aut
282 1449 378 1500 parum
393 1445 549 1499 exsertum,
563 1436 819 1500 membranaceum,
833 1435 1119 1498 transversoquadra-

138 1537 200 1578 tum
209 1567 218 1593 ,
237 1528 373 1580 cilialum.
392 1530 567 1583 Mandibuloe
583 1540 712 1594 exsertae,
732 1533 785 1583 late
799 1532 942 1590 eruciatae,
960 1530 1041 1580 dente
1059 1529 1118 1595 api-

137 1625 189 1674 cali
200 1624 346 1679 validiore.
361 1625 449 1696 Palpi
461 1628 616 1680 maxillares
630 1629 799 1696 longissimi,
813 1628 961 1678 subselacei
974 1653 982 1693 3
999 1625 1116 1677 articulo

136 1721 227 1788 primo
246 1737 348 1789 parvo;
360 1725 479 1784 secundo
495 1735 522 1777 et
540 1727 622 1778 tertio
639 1729 833 1792 crassioribus,
847 1728 1006 1790 obsonicis3
1024 1727 1117 1776 tribus

135 1817 248 1867 ultimis
258 1818 406 1891 elongaris,
418 1820 579 1887 cylindricis
595 1847 603 1887 3
620 1825 662 1890 pal
666 1824 694 1890 pi
710 1823 820 1873 labiales
834 1822 990 1884 breviores,
1011 1821 1113 1870 filifor-

135 1929 210 1978 mes;
222 1913 341 1964 articulo
356 1915 444 1982 primo
465 1916 589 1984 longiore
602 1956 610 1982 ‚
629 1917 925 1982 cylindricoobconico
937 1941 944 1983 3
957 1917 1075 1966 secundo
1086 1923 1114 1966 et

134 2012 219 2064 tertio
234 2011 392 2078 obconicis,
409 2013 510 2064 horum
525 2015 614 2081 primo
630 2013 809 2064 subcrassiore
822 2035 828 2076 3
842 2021 940 2080 quarto
950 2012 1006 2060 sive
1016 2012 1116 2077 apicali

132 2107 387 2175 cylindrioo-ovali.
413 2109 543 2178 Maxilloe
571 2111 714 2174 coriaceae,
738 2127 862 2178 processu
886 2108 1025 2160 terminali
1044 2107 1114 2156 snb-

131 2205 362 2271 membranaceo,
381 2207 457 2274 apice
476 2207 639 2268 rotundato,
657 2205 729 2256 infra
745 2214 841 2257 sutura
854 2205 963 2256 lineare
980 2203 1114 2255 dilutiore

133 2310 165 2350 et
191 2309 346 2352 transversa
369 2302 467 2357 diviso.
492 2303 611 2357 Labiam
634 2303 832 2377 tripartitum
851 2301 960 2351 laciniis
987 2302 1114 2368 subaeque

132 2396 222 2467 longis
234 2420 243 2464 ;
256 2397 421 2450 intermedia
438 2400 553 2466 latiore,
573 2400 648 2468 apice
668 2414 765 2466 supero
784 2409 855 2449 recta
882 2407 1048 2462 {ransverso,
1063 2397 1111 2447 in-

132 2496 396 2563 tegro;lateralibus
417 2498 452 2548 ad
467 2498 571 2564 apicem
590 2495 969 2565 angustato-subacuminalis.
989 2498 1112 2546 Mentem
1191 2537 1195 2542 .

132 2591 316 2656 obconicum,
332 2592 493 2644 coriaceum.
511 2597 611 2664 Corpus
624 2595 790 2660 elongatum.
805 2595 894 2663 Caput
908 2601 1110 2660 transversum

132 2689 220 2739 oculis
249 2690 426 2754 lateralibus,
444 2691 518 2745 iuter
546 2707 573 2742 se
599 2690 723 2754 dissitis,
745 2689 880 2754 integris3
899 2690 992 2740 ocellis
1021 2690 1110 2740 tribus

131 2783 354 2850 subaequalibus,
374 2785 473 2834 vertici
493 2785 522 2836 in
550 2785 722 2852 triangulum
750 2785 883 2849 insertis,
906 2785 1109 2851 approximatis.

130 2880 277 2935 'Abdomen
288 2883 365 2932 ovale
375 2892 424 2933 aut
434 2883 607 2934 subovatum.

168 2976 262 3030 Tibiae
284 2979 362 3028 leves
385 2989 433 3029 aut
457 2997 555 3048 parum
579 2981 761 3033 denticulata.
785 2982 867 3032 Tarsi
882 2980 1024 3046 elongati·
1041 2977 1110 3032 Aloe

130 3091 235 3143 superse
251 3073 375 3140 stigmate
393 3075 525 3126 mediocri
542 3099 550 3142 3
566 3077 655 3127 areola
675 3077 819 3144 marginali
842 3076 983 3138 conclusa,
994 3091 1109 3142 magna3

132 3171 225 3224 tribus
249 3171 347 3221 areolis
367 3170 562 3221 discoidalibus
581 3181 609 3221 et
633 3172 758 3239 perfectis
773 3199 781 3240 3
798 3173 895 3223 arcolis
918 3173 1111 3238 submargina-

129 3268 205 3318 libus
219 3267 309 3335 prima
324 3274 352 3315 et
376 3255 456 3317 tertia
473 3266 616 3334 sigillatim
639 3276 667 3317 et
688 3270 783 3319 arcolae
803 3268 972 3319 intermediae
984 3269 1109 3336 proxime

128 3380 249 3416 nervum
276 3371 464 3413 recurrentem
490 3363 711 3430 excipientibus;
730 3365 779 3414 hac
797 3367 923 3430 minore,
946 3366 979 3416 ad
1002 3366 1107 3433 apicem

130 3460 306 3528 angustiore,
320 3460 497 3527 subtrigona3
511 3462 608 3512 areolis
626 3462 850 3531 apicali-externa
862 3473 891 3515 et
908 3460 1108 3532 amicali-media

130 3575 195 3627 saepe
214 3556 373 3622 distinctis,
391 3557 592 3609 terminalibus.

166 3723 258 3787 Dlll.
280 3726 401 3788 Ganos.
417 3730 624 3791 Marmor.
644 3731 787 3791 Melline.

166 3830 323 3892 Maltinus
331 3875 343 3906 ,
367 3831 454 3892 Fra.
464 3878 476 3908 ,
495 3837 632 3908 Paua,
655 3836 755 3906 lna,
781 3835 929 3898 WArez.
940 3878 952 3907 ,
977 3836 1105 3912 Isara,
