2528 4530
341 332 448 420 ord.
477 337 531 423 V
523 337 588 438 I.,
621 335 931 454 Lepidoplera.
1039 344 1118 457 187

183 492 286 556 Tibiae
306 497 431 578 posticae
453 498 538 580 apice
556 495 622 559 solo
636 497 697 582 spi-

141 619 223 660 noso
234 598 458 663 autcalcarato.
479 601 544 664 Alae
562 616 696 687 quotuor

142 701 184 764 ad
206 705 468 787 perpendiculum
488 722 607 770 ercctae.
628 712 696 772 An-

141 819 247 869 tennae
261 830 394 893 semper
411 813 550 894 capitatae
571 828 624 876 aut
642 837 697 878 ex-

141 923 282 973 trorsum
302 915 481 992 crassiores,
496 920 583 999 apice
601 943 694 982 num·
750 948 945 1002 FAM1L1A
971 948 1124 1005 plum,

140 1036 240 1098 quam
261 1019 392 1102 abrupte
412 1024 569 1086 uncinato.
595 1027 695 1087 Eruca
804 1047 1063 1099 hermomiro.

142 1120 308 1183 subdialis.
343 1124 504 1208 Chrysalis
530 1128 698 1209 saepissime
835 1140 1034 1214 Papilionidcr.
1092 1124 1094 1131 ¹

141 1225 230 1287 nuda
257 1242 288 1288 et
319 1229 483 1313 angulata,
505 1233 622 1315 postico
643 1255 695 1296 so-

141 1330 213 1391 lum
228 1344 282 1391 out
299 1332 394 1394 etiam
413 1355 469 1417 per
480 1335 620 1398 medinm
641 1339 695 1400 filo

142 1449 324 1499 transverso
356 1438 508 1522 alligata,
539 1443 695 1506 rarissime

140 1539 229 1604 levis
246 1557 276 1605 ct
293 1544 537 1609 subfolliculate.

180 1687 283 1778 *Tibiae
307 1689 447 1771 posticae,
468 1706 576 1775 praetcr
593 1693 693 1775 apicis

139 1791 293 1867 calcaria,
309 1795 398 1877 spina
411 1799 535 1880 gemina
550 1813 580 1859 et
596 1800 715 1869 infera,-

139 1897 302 1960 instructae
329 1901 384 1984 (ι).
418 1901 486 1965 Alae
522 1904 695 1986 superiores

138 2016 268 2064 tontum
287 2003 321 2065 in
339 2005 486 2086 plurimis
498 2022 614 2072 erectae.
626 2011 694 2071 An·

137 2120 244 2168 tennae
256 2109 442 2192 plerumque
457 2112 545 2196 apice
562 2114 694 2195 abrupte

136 2212 312 2288 uncinato,
338 2213 372 2274 in
395 2216 560 2278 nonnullis
580 2218 694 2280 filifor-

137 2338 218 2380 mes.
241 2319 339 2379 Eruca
367 2320 401 2379 in
428 2320 514 2382 foliis
541 2323 693 2384 contextis

134 2420 252 2502 saepius
274 2420 393 2504 degens.
416 2423 690 2508 Chrysalislaevis,

135 2523 317 2586 folliculata
350 2539 403 2587 aut
435 2527 489 2588 filo
517 2541 691 2591 transverso

136 2630 175 2690 in
200 2628 305 2691 medio
327 2629 463 2713 alligata.

756 2068 909 2122 simma
928 2071 1106 2126 secunus.-
1126 2042 1132 2055 '

816 2167 843 2216 H
849 2180 883 2215 ns
892 2181 927 2215 en
933 2182 949 2214 n
956 2181 965 2214 1
972 2182 1039 2218 ons.

843 2260 1014 2330 Hespirides.

319 2846 573 2910 TRIBUS
617 2847 935 2912 SECUNDA

228 3029 611 3082 ennenscunsnre.
651 3010 1028 3082 onlrvscvnArnns.

177 3228 245 3292 Alae
254 3245 387 3314 quatuor
409 3228 678 3293 subhorizontales
695 3230 746 3293 vel
764 3228 887 3292 dcflcxae
901 3228 957 3312 (2),
974 3228 1116 3308 frenatae3

135 3337 303 3399 inferiores
323 3336 496 3398 retinaculo
511 3336 649 3398 munitae.
677 3337 830 3398 Antennae
855 3330 1121 3421 pristmum-cla-

136 3451 217 3504 vatae
235 3439 427 3522 (triquetrae,
450 3437 584 3521 paulurn
599 3436 682 3499 ultra
703 3438 794 3498 busin
812 3437 851 3498 acl
877 3437 998 3520 apicem
1022 3453 1121 3517 usqne

172 3694 213 3764 (1)
227 3697 261 3746 Et
273 3694 312 3745 ira
322 3694 354 3744 in
366 3694 478 3746 familiis
492 3696 679 3763 sequentibus.

173 3792 215 3866 (e)
238 3791 271 3844 ln
289 3792 420 3845 Phalaenis
433 3795 575 3867 perpaucis
594 3795 641 3848 alo
659 3803 753 3849 tamen
771 3801 875 3848 erecta.
