2528 4530
663 384 677 397 .
1028 314 1110 431 367

116 461 119 465 ’
134 464 1108 538 Μ

190 668 501 777 ADDENDA
529 670 608 756 ET
638 670 1058 763 CASTIGANDA.

479 898 764 916 ——ss—

395 1045 589 1111 TOMUS
629 1050 861 1113 PRIMUS.

177 1218 249 1295 Paga
268 1238 310 1276 tx.
329 1225 500 1278 Tabularum
524 1227 670 1295 explicatio
692 1227 766 1296 qnod
788 1229 823 1281 ad
844 1229 943 1297 species
969 1247 1114 1300 perpaucas

141 1318 243 1371 attinet
261 1317 292 1370 iu
311 1320 401 1389 operis
419 1321 537 1373 decursu
554 1322 709 1398 emendata.

177 1460 251 1553 l’ag.
274 1481 300 1534 5.
318 1481 493 1535 Animalium
510 1469 648 1534 vertebris
657 1482 853 1534 destitutorum
865 1482 973 1549 classes,
992 1482 1115 1554 inopere

141 1574 320 1647 philosophie
342 1579 481 1646 zcologicae
501 1578 636 1646 principia
657 1587 809 1646 exponente
827 1588 855 1631 et
873 1579 929 1646 jam
948 1581 1020 1645 typis
1038 1594 1118 1628 man-

142 1670 222 1739 dato,
242 1673 345 1726 iterum
363 1674 515 1727 illustrabit
531 1675 725 1726 celeberrimus
742 1675 874 1744 professor
892 1676 1035 1727 Lamarck.

182 1829 259 1899 Pag.
283 1827 325 1880 13.
345 1825 440 1878 Genus
455 1826 647 1880 Brrocrans.

179 1935 310 1988 Binoculi
322 1935 504 2001 Gasteroatei,
515 1936 675 1986 nominibus
687 1935 759 2001 aliis,
771 1918 896 2009 Argutus
899 1936 1055 2008 fotiorem,
1068 1941 1119 1991 de·

145 2032 264 2101 signati,
285 2031 444 2096 historiam,
461 2032 590 2082 omnibus
607 2032 663 2081 suis
676 2033 799 2084 numeris
818 2035 972 2101 expletam,
993 2034 1119 2086 iconibus

144 2127 257 2180 eximiis
277 2122 434 2177 adornatam
454 2163 461 2190 ‚
480 2126 511 2176 in
533 2126 632 2178 libre:
653 2125 780 2185 Annales
804 2129 839 2179 dn
863 2127 986 2180 Muse'nm
1012 2128 1117 2181 d'Hist.

146 2217 301 2284 aaronita,
320 2227 384 2270 tom·
405 2233 434 2284 7,
448 2235 517 2291 pag.
532 2217 602 2286 451,
619 2221 712 2286 palam
724 2219 792 2272 fecit
808 2221 881 2272 dom.
902 2220 1015 2290 Jurine,
1036 2222 1119 2293 filius.

147 2315 268 2369 Generis
282 2313 447 2367 characteres
457 2331 532 2365 nunc
546 2314 585 2366 sic
594 2314 754 2368 evolvendi:

185 2425 271 2477 Testa
292 2421 396 2486 uvalis,
415 2421 604 2489 planiuscnla,
630 2420 902 2488 submembranacea,
924 2403 1122 2490 semihyalina,

147 2516 242 2570 antiae
256 2514 401 2567 rotundata
413 2522 440 2564 et
452 2530 486 2564 ex
503 2522 620 2582 utroque
632 2515 716 2565 latere
729 2515 930 2582 snbooarctata,
949 2518 1048 2585 postice
1060 2535 1124 2585 pro-

147 2613 236 2666 funde
258 2613 448 2680 marginata,
472 2629 570 2681 corpus
593 2613 647 2664 late
671 2621 844 2680 supertegeris
867 2613 966 2681 illique
989 2632 1024 2665 ex
1046 2625 1122 2683 parte

146 2718 260 2762 tantum
278 2707 350 2761 infra
368 2708 523 2775 adhaerens,
545 2709 626 2762 lineis
647 2709 768 2774 duabus,
783 2709 938 2778 impressis,
961 2727 976 2761 a
998 2713 1121 2779 margine

148 2806 241 2858 antico
254 2805 468 2872 incipientibus,
480 2805 649 2870 dorsalibus,
661 2805 762 2873 poetice
777 2806 1019 2873 convergentibus,
1033 2824 1123 2858 aream

148 2919 200 2955 seu
220 2902 346 2970 clypeum
368 2884 588 2970 triangularem,
606 2919 755 2970 magnum,
777 2913 804 2954 et
826 2902 922 2954 subtus
944 2905 1055 2971 oculos,
1075 2923 1125 2955 an-

149 3003 248 3046 tennas
258 3033 268 3058 ,
287 2995 449 3062 rostellum,
466 3006 620 3064 gerentem,
643 2996 864 3063 delineantibus,
887 2998 1024 3048 distincta.
1046 2995 1127 3049 Oculi

149 3089 225 3155 duo,
244 3089 459 3158 hemispherici,
477 3107 559 3158 supra
577 3100 605 3142 et
621 3089 694 3140 infra
711 3109 786 3158 aeque
805 3072 961 3159 conspicui,
980 3092 1010 3141 in
1029 3091 1125 3143 fascias

152 3186 352 3249 concentricas,
372 3184 547 3249 reticulatos,
564 3186 725 3252 inaequales,
747 3186 851 3251 divisi,
868 3187 1018 3251 distantes,
1034 3186 1125 3254 clypei

152 3279 288 3330 lateribus
306 3289 334 3330 et
356 3281 448 3331 antica
467 3298 561 3332 versus
580 3282 686 3332 inserti.
713 3285 854 3336 Antenore
872 3292 1008 3350 quatuor,
1037 3283 1127 3336 mini-

153 3387 206 3424 mae
214 3410 223 3439 ‚
239 3389 321 3441 supra
329 3376 435 3442 oculos,
451 3376 563 3429 illorum
578 3379 729 3446 marginem
743 3379 886 3431 internum
898 3396 992 3432 versus
1003 3389 1030 3431 et
1040 3390 1128 3431 rostro

153 3464 299 3532 proxime,
317 3466 441 3534 insertae,
459 3469 522 3536 pilis
540 3470 682 3520 nonnullis
700 3471 793 3538 hirtae,
812 3472 847 3522 ad
865 3473 943 3525 basin
958 3474 1127 3534 incrassatae,

155 3561 232 3613 ultra
256 3562 579 3633 abrupto-graciliores,
606 3567 814 3632 suhcylindricaa
826 3591 836 3632 ,·
862 3586 963 3637 superas
990 3569 1129 3620 breviores

155 3657 367 3728 triarticnlatn3
392 3660 504 3713 illarum
526 3663 634 3730 singula
649 3663 781 3730 hamulo,
804 3664 839 3715 ad
856 3665 934 3716 basin
961 3666 1127 3730 incrassato,

156 3755 316 3824 unispinoso
327 3792 334 3821 ,
347 3755 452 3823 apicem
468 3775 559 3813 versus
570 3761 688 3812 maxime
702 3761 852 3827 uncinato,
868 3779 1002 3830 recurvo,
1015 3763 1129 3828 adnata,
