2528 4530
152 108 261 197 ore.
281 109 338 198 V.
354 111 413 197 u
430 110 597 213 νηὶ,
621 107 914 228 euastata..
973 107 1028 194 45

55 346 84 391 1.
104 334 280 389 Mondibuioe
305 337 349 387 his
382 338 485 390 interne
519 337 671 392 bidentotoe
697 350 747 392 out
773 341 929 392 trierenotoe
940 374 952 399 ,
974 337 1031 390 iltis

92 438 203 483 tontum
224 433 418 496 unidentotoe,
438 442 471 487 at
491 444 556 486 tune
572 436 696 488 maxillae
719 435 875 506 labiumque
902 435 1032 505 longissi-

91 542 154 589 ma,
170 526 350 594 promuscidis
363 527 471 596 inflexoe
493 528 608 596 speciem
622 527 786 597 referentia5
800 529 952 580 abdominis
971 546 1032 597 seg-

90 629 210 672 mentum
227 623 364 690 posticum
383 631 547 691 punctorum
564 623 698 696 profunde
722 623 830 694 lateque
849 627 1033 694 impressorum

92 716 168 769 lineo
186 724 344 770 transverso
362 735 419 771 non
444 717 616 788 bzportitum.

90 882 338 935 Ousnnvfflonns.
359 884 447 954 Polpi
465 885 621 939 maxillares
644 896 671 938 et
699 887 810 938 labiales
827 885 870 937 his
892 903 939 938 seu
963 903 1033 955 pro-

59 977 202 1029 muscidem
237 976 373 1043 minimi,
401 979 451 1028 vix
477 980 636 1049 conspicui,
672 979 866 1047 binrticulati3
897 978 955 1030 illis
984 996 1034 1028 seu

35 1070 38 1074 ’
58 1075 269 1145 opromuacideis
286 1092 391 1142 semper
415 1075 574 1141 filiformes,
597 1076 719 1127 maxillis
741 1076 879 1127 breviores
905 1084 953 1126 aut
978 1074 1036 1126 illis

60 1188 115 1223 non
133 1172 289 1239 longiores,
307 1171 432 1223 articulis
453 1173 606 1240 quinque;
631 1183 750 1241 quatuor
774 1173 872 1242 primis
896 1173 1037 1239 subaqua-

61 1259 154 1328 libus,
173 1265 280 1314 duobus
299 1265 406 1315 ultimis
425 1274 534 1317 tantum
558 1267 633 1317 ultra
653 1266 832 1318 maxillarum
860 1266 947 1333 apices
978 1280 1038 1331 pro·

59 1358 164 1426 gressis.
183 1355 375 1411 Maxillorshn
390 1360 478 1428 apices
497 1362 667 1429 apalporum
687 1362 836 1412 insertione
854 1361 897 1411 his
917 1376 963 1409 seu
973 1375 1037 1429 pro-

60 1452 202 1502 muscides's
226 1453 512 1519 elongato-lineares,
538 1454 633 1521 acuti3
660 1453 718 1505 illis
747 1472 795 1504 sen
823 1451 1036 1524 optemuscideia

60 1542 186 1594 subovati
207 1552 256 1593 aut
273 1544 377 1612 trigoni
396 1555 423 1597 et
437 1547 660 1611 subacuminati,
684 1565 740 1597 non
753 1546 864 1596 latiores
878 1563 961 1611 quam
976 1544 1039 1595 lon-

61 1639 165 1706 giores,
181 1656 308 1709 processu
331 1643 442 1692 interno
461 1644 569 1693 externi
591 1645 695 1710 apicem
714 1660 770 1693 non
791 1643 951 1709 attingente.
970 1641 1038 1693 Aloe

61 1750 164 1800 snperae
180 1735 277 1785 areolis
295 1735 397 1787 'mediis
411 1746 440 1788 et
448 1737 616 1804 apicalibus,
640 1739 784 1804 marginali
797 1744 921 1803 excepta,
941 1737 1040 1786 areolis

63 1829 153 1882 baseos
168 1830 263 1883 minus
274 1832 412 1884 distinctis
428 1867 435 1892 ‚
449 1834 603 1902 marginem
617 1834 752 1904 posticum
765 1851 821 1885 non
834 1832 1041 1901 attingentibus.

100 2046 353 2111 CCCCLXXIV.
373 2051 494 2112 Genus.
515 2053 700 2114 Eumene.
722 2052 866 2133 Elompe.

103 2178 643 2262 Elompus,Sr1nou.—Okryais,
664 2181 768 2250 Fae,
790 2175 1043 2256 lum-Hedy-

41 2280 188 2352 ‘elrrunm
212 2285 344 2354 PAnz„
366 2285 603 2344 ernuurrnn.
645 2342 647 2347 ,

105 2421 247 2481 Labium
259 2438 324 2478 non
340 2414 642 2500 promuscidiiorme.
663 2418 764 2496 Palpi
777 2410 954 2475 maxillares
968 2409 1045 2471 arti-

73 2520 150 2584 culis
187 2514 507 2602 quinque31abiales
535 2518 646 2579 trihus.
675 2517 877 2577 Mandibuloe
898 2512 1047 2574 dentibus

72 2627 194 2691 duobus
220 2626 354 2697 internis
381 2638 412 2704 et
438 2625 545 2686 acutis.
576 2625 726 2685 Maxilloe
751 2643 893 2703 processu
921 2621 1046 2680 interno

72 2747 200 2797 externo
227 2730 359 2808 latiore,
382 2729 625 2792 suburbiculato.
651 2731 789 2790 Lesbium
814 2722 1047 2788 subcochleari-

71 2828 187 2912 forme,
203 2835 290 2918 apice
303 2834 487 2909 rotundato,
503 2835 638 2925 integro.

108 2969 297 3032 Abdominis
320 2979 515 3049 segmentum
545 2967 716 3029 secundum
748 2964 819 3026 aliis
840 2965 950 3044 majus.
971 2967 1048 3024 Me-

71 3073 451 3151 tothoraciesegmentum
471 3067 609 3129 medium
631 3089 683 3129 seu
702 3066 872 3129 seeundum
887 3066 922 3126 in
935 3062 1048 3126 scutel-

72 3173 140 3237 lum
159 3174 362 3256 spiuiiorme,
389 3195 483 3255 snpra
502 3171 653 3254 planum,
673 3172 870 3254 productum.
897 3172 972 3233 Alce
995 3193 1049 3231 su-

70 3301 154 3362 peras
174 3279 319 3360 stigmate
337 3299 469 3360 magno,
492 3299 510 3336 a
528 3277 617 3339 nervi
630 3274 756 3338 costalis
780 3275 867 3359 apice
896 3297 962 3337 non
984 3273 1050 3336 dis-

74 3399 176 3465 creto;
196 3382 299 3444 areola
319 3382 487 3465 marginali
504 3385 568 3444 fere
590 3382 754 3460 conclusa,
780 3381 818 3442 ad
839 3381 959 3464 apicem
976 3395 1050 3446 tau·

73 3501 141 3553 tum
164 3501 288 3574 aperta3
309 3487 409 3556 uoola
433 3487 597 3554 discoidali
617 3502 743 3555 externa
766 3500 881 3571 aperta.
