2528 4530
365 380 424 498 G
447 376 498 498 E
522 376 579 499 N
601 375 807 498 ΕΒΑ

87 631 576 721 cunsrlcnosuu
596 628 653 716 ss
673 628 1070 718 russcroauu.

257 1063 572 1142 ‘sturm
617 1076 903 1156 colari.

174 1268 580 1320 rcuunouomuns.
608 1256 996 1323 'sonoronournns

128 1461 381 1513 Ossunvsrronss.
391 1456 531 1510 Antennoe
539 1463 647 1506 setaceae
656 1451 701 1506 vel
712 1452 855 1508 filiformes
866 1495 873 1522 ,
887 1454 995 1509 inferne
1004 1468 1080 1510 recta

91 1565 243 1627 porrectae,
262 1550 296 1605 ad
315 1555 420 1622 apicem
439 1550 536 1624 saepius
553 1561 708 1609 extrorsum
722 1562 838 1604 arcuatae
851 1563 899 1604 aut
913 1557 1079 1623 convoluto,

92 1657 126 1706 in
139 1653 271 1704 omnibus
285 1651 395 1701 thorace
410 1650 562 1718 longiores,
579 1650 764 1701 communiter
776 1651 898 1718 corporis
909 1649 965 1702 fere
985 1651 1080 1718 longi-

93 1751 215 1813 tudine,
230 1747 326 1816 saepius
345 1757 458 1811 tenues,
472 1746 629 1811 vibratiles‚
642 1743 728 1814 spatio
743 1744 920 1798 interoculari
935 1749 1082 1815 medioque

93 1847 206 1901 insertas
218 1885 226 1912 ,
244 1846 303 1897 basi
317 1841 396 1897 valde
406 1840 615 1912 approximatis,
626 1847 751 1897 articulis
764 1846 995 1897 numerosissimis
1007 1870 1015 1913 3
1028 1849 1082 1898 ba-

93 1941 176 1995 silari
189 1940 335 2005 crassiore,
357 1936 520 1990 semi-ovato
536 1947 563 1988 et
578 1937 612 1988 ad
627 1938 731 2004 apicem
742 1939 852 2005 oblique
871 1948 1016 2005 truncato,
1034 1951 1084 1994 aut

92 2036 220 2088 breviter
242 2030 425 2084 subobconico
450 2031 495 2080 vel
512 2026 750 2094 subbuibiformi,
770 2038 927 2080 extrorsum
946 2032 1000 2082 late
1016 2050 1085 2103 pro·

92 2133 240 2200 fundoque
256 2140 407 2194 excavato,
427 2123 539 2178 articuli
558 2127 696 2193 sequentis
718 2135 824 2194 partem
845 2125 963 2178 inferam
985 2128 1083 2181 saltem

93 2228 268 2296 excipiente,
279 2222 397 2276 articulo
412 2224 494 2274 tertio
507 2220 684 2288 brevissimo,
699 2221 895 2288 annuliformi,
908 2221 939 2274 in
952 2224 1085 2296 plurimis

93 2325 149 2378 vix
174 2321 388 2394 distinguendo,
409 2321 471 2371 aliis
489 2317 670 2386 cylindricis3
691 2329 789 2388 quarto
808 2315 957 2389 longiore,
983 2323 1083 2374 mediis

95 2418 307 2493 apicalibusque
333 2417 482 2485 prasertim
501 2417 690 2482 brevissimis,
709 2412 810 2468 ultimo
835 2415 1001 2468 acuminato.
1025 2423 1086 2471 Lo-

96 2521 178 2574 brum
196 2508 593 2580 membranaceo-coriaceum,
609 2523 768 2582 exsertum,
788 2532 903 2581 parrum
917 2554 925 2580 ,
940 2525 1084 2567 transver-

96 2624 203 2669 sumet
215 2613 306 2665 antico
319 2619 464 2662 arcuatum
480 2619 528 2665 ant
542 2609 744 2677 subtrigonum.
765 2611 941 2670 Mcndibuloe
962 2631 1083 2680 corneae,

97 2718 230 2773 exserta,
246 2722 335 2775 parvae
344 2707 392 2754 aut
404 2701 553 2755 mediocres
564 2739 571 2767 ,
584 2701 881 2770 compresso-trigonae,
894 2706 1024 2757 subrectae
1034 2716 1084 2759 aut

99 2797 184 2875 paulo
203 2796 339 2868 arcuatas,
354 2798 412 2852 basi
433 2797 602 2860 incrassatas,
624 2796 753 2864 latiores,
773 2800 850 2851 intus
875 2810 1029 2866 excavatae,
1047 2801 1083 2856 ad

98 2902 209 2971 apicem
220 2897 384 2967 plerumque
404 2896 573 2971 bidentatas,
597 2897 679 2948 dente
700 2914 798 2964 supero
819 2898 915 2965 saepius
936 2899 1083 2956 validiore.

101 2996 180 3049 Gula
202 2994 237 3046 ad
258 2992 389 3063 jugulum
410 3009 497 3059 usque
512 2982 652 3059 producta.
664 2988 797 3044 Maxittoe
817 2988 973 3062 labiumque
987 2993 1083 3064 saepis·

101 3092 172 3147 sime
190 3100 282 3156 recta,
299 3091 330 3141 in
349 3087 494 3141 nonnullis
511 3088 647 3154 elongata,
662 3086 833 3152 subinflexa,
852 3088 996 3139 rostellum
1012 3107 1084 3140 con-

98 3187 225 3259 junctim
238 3184 420 3238 efformantia.
432 3181 562 3237 Maxittae
576 3183 701 3232 coriaceae
713 3220 721 3246 ,
734 3182 805 3233 lobis
819 3182 925 3235 duobus
938 3183 1083 3237 membra·

100 3285 213 3350 naccis,
226 3282 357 3336 brevibus
372 3281 541 3357 terminatae,
554 3287 668 3330 externo
679 3280 797 3346 majore,
808 3280 861 3331 late
874 3282 1081 3350 subobtrigono,

101 3382 138 3432 ad
157 3379 265 3451 apicem
283 3377 398 3447 latiore,
419 3377 585 3440 rotundato,
604 3375 698 3425 ciliato
712 3383 760 3424 aut
772 3374 885 3441 villoso,
899 3388 978 3428 extus
992 3380 1080 3448 magis

102 3476 235 3529 indurato
255 3475 374 3542 magisve
396 3474 514 3525 colorato
535 3496 543 3541 5
566 3472 677 3524 interno
697 3472 907 3526 subdentilormi
927 3480 974 3542 (1).
993 3456 1083 3549 Palp't

96 3623 893 3648 Μ

140 3719 224 3789 (1)In
235 3718 374 3790 plerisque
386 3716 590 3786 hymcnopteris
606 3716 785 3771 maxillarum
806 3688 945 3786 processus
963 3720 1083 3778 interior

104 3812 206 3884 apicati
227 3823 343 3869 externo
366 3814 528 3894 subjectus,
550 3814 698 3887 trigonus,
719 3817 849 3888 trianguli
865 3819 950 3897 latere
970 3815 1083 3883 basilart

180 3905 246 3982 IV.
738 3970 742 3976 .
889 3930 907 3981 1
