2528 4530
233 346 339 433 ord.
360 349 417 434 V.
435 350 491 431 F.
511 346 565 432 V
556 346 680 447 HL,
699 347 990 463 Clztysidicles.
1051 352 1106 466 47

119 507 195 560 re'um
216 505 371 559 d'Ht'stoire
390 505 546 566 naturane,
573 507 634 558 cult.
659 508 691 559 58
709 534 717 573 3
737 511 863 574 Panzer,
888 514 979 566 Fauo.
1002 517 1124 576 Inseclr¹

121 607 241 669 Gema,
266 614 293 654 et
312 608 422 656 Eurum.
437 621 505 655 vers.
531 604 575 654 die
598 603 772 671 jurinesclten
788 615 944 678 gattungen
958 630 968 669 ,·
990 618 1017 659 et
1040 611 1104 661 Ma·

119 699 290 750 ximilianus
302 701 432 768 spinula,
447 703 546 751 Insect.
565 699 659 771 Ligur.
673 740 681 766 ‚
699 701 800 769 speeies
818 720 898 754 novoe
918 713 968 754 out
978 706 1102 758 rariores.

120 797 153 848 Iu
171 798 387 848 Crustaceorum
403 807 431 848 et
450 799 621 848 insectorum
648 796 771 848 Historia
790 799 910 850 naturali
924 809 1016 851 nostra
1033 803 1105 854 illud

122 893 314 945 institueram.

149 1082 415 1146 :occcrxxvr
437 1083 555 1144 osius.
576 1053 776 1144 mansas.
796 1078 967 1167 pampas.

165 1188 345 1270 Pa'mopes,
366 1192 477 1250 ern.
486 1237 497 1263 ,
515 1193 617 1263 Fan,
637 1193 812 1250 Laruas.
821 1237 832 1263 ,
852 1194 973 1265 Srnr„
997 1197 1105 1255 Isara.

127 1297 323 1377 -Clrrysis,
342 1297 443 1355 Ross.
453 1343 463 1369 ,
491 1297 592 1356 Oarr.
601 1342 611 1368 ,
633 1299 779 1357 Junrns.

165 1410 320 1470 Maxilla»
340 1411 537 1490 Lariumque
549 1408 731 1491 longissima
739 1457 747 1485 ‚
767 1410 911 1489 linearia,
932 1418 1107 1496 promusci-

128 1512 177 1574 tlis
196 1515 256 1574 sub
271 1527 394 1594 pectore
411 1513 533 1574 itrilexae
553 1516 686 1597 speciem
708 1515 883 1578 formantia.
903 1518 1040 1581 Lobium
1051 1523 1106 1582 bi-

129 1618 238 1679 fidum.
261 1621 362 1700 Palpi
375 1617 551 1680 maxillares
564 1631 594 1678 et
612 1617 742 1702 labiales
756 1621 948 1703 larerissimi,
967 1624 1020 1686 vix
1039 1625 1106 1686 dis·

129 1721 295 1795 cernendi,
310 1706 728 1781 hiarticulati.Mandib1tloe
745 1700 840 1783 latere
853 1722 978 1786 interno
996 1739 1027 1787 et
1048 1729 1106 1789 sub

129 1825 213 1910 apice
236 1839 325 1886 acute
344 1825 537 1885 unideutato.

166 1933 330 1994 Abdomen
353 1915 520 2013 segmentis
540 1944 675 2012 quatuor
699 1932 734 1992 in
759 1937 906 1994 masculis
915 1935 935 2006 ,'
949 1934 1050 1996 tribus
1070 1937 1105 1998 iu

121 2035 272 2116 seminis,·
298 2032 411 2094 ultimo
434 2035 597 2117 utriusque
617 2056 706 2096 sexus
727 2038 856 2117 majore,
870 2038 988 2120 postico
1001 2041 1106 2099 utrin-

131 2161 189 2225 que
206 2155 377 2204 transverse
394 2143 560 2226 impresso;
575 2145 719 2228 margine
737 2144 849 2226 spirali
867 2144 1107 2207 denticulisrui-
1129 2172 1131 2204 ι

130 2247 227 2308 nimis
254 2259 287 2306 et
311 2249 486 2308 numerosis
512 2263 636 2310 serrato.
664 2251 888 2309 Metatlroraois
913 2262 1107 2329 segmentum

130 2351 269 2411 medium
289 2351 322 2411 in
343 2351 506 2414 scutellum
530 2355 733 2435 spiniforme,
757 2377 849 2436 supra
863 2354 1011 2436 planum,
1033 2375 1109 2436 pro-

132 2453 270 2517 ductum.
289 2459 365 2518 Alce
382 2438 498 2540 superae
518 2460 629 2541 tegulis
651 2461 789 2543 magnis3
811 2460 919 2522 areolae
941 2475 976 2521 ut
990 2461 1023 2522 in
1038 2464 1109 2520 He·

132 2561 252 2642 dyehn's
262 2584 276 2635 ,·
298 2559 464 2642 marginali
482 2562 641 2638 breviore,
661 2550 834 2623 dimidiata.

164 2751 311 2815 Pamopes
320 2765 436 2808 carnea,
448 2750 526 2798 Latr.
534 2787 541 2814 ,
551 2749 633 2815 Fab.;
648 2752 778 2816 Coeum.
796 2748 888 2800 Illust.
904 2753 979 2804 Iron.
992 2751 1106 2818 insecta,

134 2841 313 2909 denudab.
336 2844 384 2908 14,
403 2843 457 2915 fig.
479 2861 520 2894 11.
910 2845 914 2850 ’

163 2939 280 2990 Habitat
308 2939 340 2989 iu
370 2941 474 3005 Italia,
497 2941 589 2992 Gallia
616 2942 730 2994 australi
760 2941 909 3008 praesertim
932 2942 1068 2993 :Parisiis
1091 2957 1107 2992 a

135 3035 204 3088 dom.
225 3037 390 3105 Duponchel
407 3015 501 3107 'primo
520 3039 611 3089 lecta:
642 3041 672 3090 in
691 3039 758 3090 locis
780 3039 899 3089 arenosis
923 3040 1004 3104 sylrae
1017 3039 1107 3097 ,dictae

133 3134 197 3185 Bois
213 3134 247 3184 de
270 3133 411 3204 Boulogne
430 3135 508 3184 illam
523 3142 613 3200 postea
628 3135 769 3184 multoties
788 3134 894 3184 iuveni.

164 3229 302 3289 Dominus
327 3231 481 3297 Lepeletier
510 3229 594 3296 hujus
617 3231 715 3296 speeiei
740 3247 857 3279 sexuum
877 3230 1025 3283 anomalias
1049 3247 1106 3281 non

133 3324 231 3389 novit,
250 3334 278 3375 et
301 3325 368 3375 salso
387 3327 513 3393 opinatus
532 3336 571 3377 est
594 3326 739 3401 individua
758 3325 904 3376 abdomine
925 3327 1108 3377 triarticulato

133 3424 158 3468 el
180 3411 428 3484 quadriarticulato
446 3418 567 3484 specifice
591 3436 645 3468 esse
671 3417 873 3484 distinguenda.
898 3397 1108 3469 Observationes

132 3523 236 3564 nostras
250 3514 425 3565 confirmavit
444 3515 638 3579 celeberrimus
653 3513 757 3579 Illiger.
780 3515 894 3580 (Fauo.
911 3523 1027 3572 etrusc„
1043 3513 1108 3564 edit.
1168 3551 1172 3554 »

133 3609 263 3679 Hellwig.
277 3622 304 3662 et
317 3613 407 3678 lllig.,
424 3621 488 3664 rom.
509 3627 538 3676 2,
552 3630 583 3683 p.
603 3610 684 3678 121.)
855 3594 859 3603 ⁸

167 3707 315 3782 systemati
332 3707 470 3758 artificiali
489 3725 523 3758 ex
541 3709 591 3758 alis
609 3708 768 3776 deprompto
787 3706 871 3759 nimis
894 3706 981 3760 fidens
992 3744 1001 3770 ,
1012 3718 1108 3774 'genus

134 3797 182 3852 ltoo
194 3801 299 3871 optime
313 3801 437 3854 naturale
457 3801 553 3873 rejecit
570 3802 643 3855 dom.
661 3801 768 3854 turine.
837 3876 841 3883 ἢ
