2528 4530
190 199 297 288 Oroi.
319 201 377 288 V.
397 200 454 284 F.
477 199 566 300 X„
596 199 887 290 umbrosius.
977 209 1030 322 87

49 380 104 418 non
113 380 174 417 mas
183 375 217 417 ut
227 373 308 437 putat
326 364 399 418 dom.
414 362 532 432 Jurine3
547 366 665 431 Para,
681 365 766 433 ibid„
778 367 853 440 fasc.
866 369 897 422 ⁵1
910 409 918 438 ‚
931 371 992 428 tob,
1003 374 1031 427 4.

52 465 142 535 Sphcx
153 463 327 516 bimaculata
339 459 355 512 ‚⁹

77 563 228 645 'Pompiius
239 560 370 632 fuscatus
392 560 510 629 alyscnis
530 560 641 631 spinosi
660 563 776 614 masculi
791 564 931 619 varietas?
948 568 1033 622 Hunc

52 658 181 730 depinxit
199 660 272 710 dom.
289 658 405 722 Jurine,
422 656 558 726 Hyme'n.,
576 657 635 709 tab.
653 673 702 720 to,
720 679 749 731 g.
760 675 803 712 21.

83 758 212 809 Labrrun
220 754 395 806 bidentatum
408 754 439 805 in
452 754 540 821 specie
550 753 654 805 inedita
666 754 818 808 observavi.
839 782 841 786 =

85 855 222 920 Alysones
231 870 245 903 a
254 852 395 920 gorytibus
405 851 594 902 characterum
605 852 793 904 essentialium
805 863 904 906 natura
915 856 963 908 vix
973 858 1034 911 dif-

55 950 172 1003 ferrunt.
185 951 327 1020 Pompilus
341 958 465 1001 cruentus
475 947 595 999 Fabricii
610 959 638 1000 ct
650 960 758 1017 arpaoto
770 957 780 1016 (
787 954 876 1019 goryti
887 955 897 1024 )
908 954 1034 1026 formoso

60 1048 130 1099 dom.
147 1050 163 1100 J
165 1047 246 1098 urine
259 1046 419 1097 simillimus
433 1044 542 1113 generis=
548 1044 632 1112 hujus
644 1045 746 1097 insecta
763 1065 827 1098 cum
838 1051 960 1103 mellinis
970 1071 1036 1106 nec·

59 1151 111 1194 tere
129 1141 263 1206 videtur5
285 1139 382 1192 habitu
402 1139 478 1188 enim
498 1137 605 1187 ultimis
632 1139 756 1204 proxime
780 1140 892 1194 accedit.
918 1144 1035 1198 Alarum

58 1239 157 1289 tamen
168 1236 283 1300 areolis,
300 1227 368 1285 'sire
386 1232 514 1285 methodo
526 1232 673 1302 jurineana
684 1272 692 1301 ,
705 1235 785 1287 facile
808 1247 961 1290 noscuntur
978 1241 1036 1292 haec

59 1330 130 1382 varia
157 1344 269 1397 genera.

60 1498 82 1552 4.
92 1501 237 1553 Antennoe
251 1499 349 1550 sensim
358 1505 506 1550 extrorsum
516 1515 660 1550 crassiores
670 1521 681 1562 ,·
700 1496 805 1553 labium
817 1501 928 1555 laciniis
948 1505 1038 1560 tribus

90 1596 222 1668 suhoeque
247 1593 358 1666 longis,
382 1594 542 1644 intermedia
571 1593 670 1645 latiore
697 1593 747 1663 (in
774 1596 915 1650 nonnullis
938 1599 1038 1653 saltem

92 1693 266 1746 subbreviore
277 1690 288 1761 )
299 1728 307 1755 ,
320 1693 428 1762 integra
439 1698 489 1740 aut
503 1691 551 1740 vix
563 1691 737 1759 emarginata
748 1716 757 1754 3
776 1691 861 1760 palpi
879 1693 1039 1746 maxillares

84 1791 235 1862 elongati,
255 1786 379 1840 maxillis
395 1786 543 1858 longiores,
557 1764 685 1837 articulis
702 1784 888 1856 inaqualibus
895 1811 906 1852 ,·
921 1794 1038 1844 secundo

74 1899 121 1942 ·=et
135 1889 218 1940 tertio
237 1885 431 1951 crassioribus,
447 1893 545 1955 quarto
561 1893 588 1935 et
602 1882 776 1954 sequentihus
788 1883 832 1936 his
849 1872 1041 1957 longioribus,-

93 1983 205 2056 clypeus
222 1985 347 2054 trigonus
363 1980 408 2034 vel
420 1979 682 2034 subsemicirculoris
695 1988 706 2047 (
717 1981 843 2053 margins
859 1984 952 2034 antico
966 1982 1041 2035 lineo

95 2059 243 2150 impressa,
255 2086 426 2141 transverso,
440 2075 529 2128 veluti
543 2071 699 2146 distincto).
718 2079 782 2128 Tres
800 2076 901 2153 areola
913 2076 1041 2128 submar-

92 2175 204 2250 ginales
215 2183 243 2225 st
253 2172 385 2245 perfecus
391 2193 403 2237 ,·
417 2173 535 2227 secunda
540 2172 699 2244 plerumque
707 2191 805 2227 neruos
819 2175 886 2229 duos
900 2181 1041 2229 recurren-

95 2283 136 2327 tes
151 2271 311 2343 excipiente.

96 2434 345 2486 Osssnvsrrouss.
357 2425 498 2482 Antinnoe
514 2427 613 2496 capitis
628 2428 707 2480 faciei
722 2429 814 2480 medio
835 2438 883 2480 aut
900 2431 981 2497 paulo
994 2431 1043 2483 in-

65 2531 147 2583 ferius
178 2530 312 2590 inscrtae,
341 2523 552 2593 approximate,
578 2533 675 2576 trunco
693 2543 751 2576 non
769 2525 921 2593 longiores,
947 2528 1045 2596 capitis

65 2626 239 2691 thoracisque
252 2621 362 2691 proprie
374 2619 450 2671 dicti,
462 2619 622 2687 fraqumter
640 2620 830 2688 longitudine,
847 2634 904 2672 non
926 2633 975 2674 aut
996 2640 1046 2691 pa·

65 2738 126 2774 rum
138 2719 316 2789 geniculata,
328 2713 446 2767 articulo
466 2715 555 2783 primo
570 2716 689 2782 majore,
705 2716 908 2778 subobconico,
926 2720 1046 2771 secundo

66 2835 157 2887 parvo.
171 2815 295 2869 Lobrum
304 2816 506 2885 transuersum,
523 2811 691 2876 coriaceum,
703 2814 793 2863 antica
803 2813 1050 2879 subrotundatum,

65 2915 225 2983 integrum,
247 2911 279 2962 in
297 2907 443 2961 nonnullis
466 2916 614 2959 exsertum.
638 2903 820 2959 Mandibuloe
841 2916 975 2971 exserta,
1000 2925 1047 2959 ar-

67 3021 169 3076 cuatae,
189 3017 282 3058 acutae.
297 3004 384 3074 Palpi
397 3002 552 3055 maxillares
564 3003 681 3053 articulo
699 3004 790 3071 primo
805 3020 909 3071 parvo,
927 3005 1049 3056 secundo

67 3117 93 3159 et
118 3104 280 3160 successivis
301 3104 336 3154 ad
357 3102 489 3170 quintum
507 3109 555 3150 aut
573 3107 705 3166 quartum
727 3076 814 3166 usque
837 3099 1048 3167 subobconicis3

68 3202 188 3255 secundo
203 3209 231 3250 et
248 3198 331 3251 tertio
349 3194 526 3248 crassioribus
539 3206 548 3261 '3
563 3189 665 3262 quarto
683 3201 723 3247 et*
735 3193 834 3262 quinto
858 3195 1047 3263 longioribus,

69 3301 170 3353 ultimo
197 3294 449 3363 cylindricoovali.
476 3291 563 3362 Palpi
583 3293 711 3356 labiales,
737 3290 861 3342 maxillae
883 3298 916 3342 et,
932 3300 1057 3343 arentum

70 3394 124 3446 fere
143 3402 177 3445 ut
200 3391 232 3442 in
256 3389 389 3443 mellinis.
419 3388 507 3458 Caput
534 3397 739 3452 transversum,
757 3386 875 3437 thoracis
900 3385 1050 3438 latitudine

71 3499 118 3542 aut
135 3488 187 3540 vix
203 3477 305 3551 latius,
323 3485 463 3552 strangulo
481 3485 641 3537 brevissimo
663 3486 696 3535 ab
717 3485 765 3535 illo
786 3482 915 3535 dissitum
932 3505 939 3548 3
964 3464 1063 3532 oculis*

73 3587 223 3650 osalihus,
249 3583 387 3651 integris,
411 3581 522 3634 remotis
545 3605 552 3647 3
579 3580 671 3633 ocellis
696 3582 809 3645 tribus,
839 3578 1050 3648 approximatis,

74 3681 250 3751 equalibus,
279 3657 377 3731 vertici
400 3679 432 3730 in
453 3677 625 3746 triangulum
643 3677 764 3730 insertis.
794 3677 914 3728 Truncus
928 3672 1065 3725 breviter.
