2528 4530
245 120 352 208 Oret.
371 120 429 209 V.
449 121 508 208 F.
529 119 584 210 V
575 121 696 221 III.,
720 120 1014 238 Chrysidides.
1073 127 1128 211 45

146 283 198 334 luti
213 285 405 353 applicatum,
429 294 456 335 at
479 285 606 353 pediculo
624 295 737 352 angusto
761 295 789 338 st
813 286 973 339 brevissimo
1001 286 1046 339 illi
1077 288 1130 340 sd-

10 386 65 449 5m,
145 396 269 444 nexum5
301 379 345 431 liis
373 379 739 446 subsemi-cylindrioum‚
763 381 797 433 sd
822 381 907 452 apicis
930 381 1016 432 latera
1047 382 1129 448 psnlo

10 507 60 559 ng,
144 474 348 541 rotundatum,
368 477 464 529 subtus
481 475 650 526 fornicatum
664 513 672 538 ,
696 485 834 542 segmento
858 477 1000 528 terminali
1027 478 1130 548 postico

10 589 56 658 dp,
146 562 258 625 dentato
277 575 322 625 vel
342 573 517 641 marginst03
539 572 598 625 illis
619 573 803 637 subeuntum,
821 591 877 623 non
893 573 1082 642 fornicatum
1099 575 1131 626 in

10 704 50 752 ,W
145 667 287 733 plerisque
312 667 459 743 segmentis
491 667 580 719 tribus
610 675 658 717 aut
687 676 806 732 quatuos
836 675 945 718 tuntum
975 668 1131 735 conspicuis

10 804 44 852 '⁰5
146 762 323 831 formatum,
342 765 488 832 segmentis
514 765 576 815 eliis
596 764 742 829 retractis,
759 766 1130 831 membranaceo-coriaceis,

10 905 39 935 τι
146 860 279 911 tubulum
294 860 543 923 constituentibus,
565 861 596 910 in
619 860 748 913 masculis
765 861 874 928 organis
894 861 1081 928 genitalibus,
1100 862 1132 912 in

10 985 34 1033 ,ἐς
140 953 256 1023 feminis
281 957 376 1007 aculeo
400 973 502 1024 parvo,
525 957 620 1007 conice
638 965 667 1008 et
687 957 765 1022 stylis
783 956 890 1007 duobus
910 972 1132 1025 compresso-ey·
1215 984 1219 993 ·

10 1082 26 1129 ,0
148 1051 300 1115 lindricis‚
326 1051 449 1119 ejusdem
475 1053 564 1103 eculei
593 1052 792 1119 longitudine,
824 1053 1014 1104 terminatum.
1043 1051 1133 1103 Pedes

14 1178 46 1248 J·
149 1146 265 1207 breves,
284 1146 486 1214 velidi51ibise
515 1149 636 1199 breviter
662 1149 799 1199 calceratn
817 1171 824 1213 ;
844 1156 979 1198 tarsorum
998 1146 1133 1198 articulus

150 1241 266 1293 ultimus
285 1243 404 1311 pulvillo
427 1245 507 1295 nullo
532 1254 581 1295 sut
601 1261 703 1312 parvo,
722 1245 863 1312 unguibus
879 1245 985 1294 duobus
1003 1243 1091 1294 acutis
1104 1250 1134 1292 et

153 1337 181 1387 in
201 1339 297 1406 paucis
315 1340 405 1390 solum
423 1340 503 1391 dente
523 1341 611 1399 infero
634 1342 786 1394 instructis.
814 1340 881 1392 Atae
906 1357 1009 1407 superae
1034 1338 1133 1388 areolis

155 1435 259 1485 duabus
280 1437 431 1513 conclusis,
456 1439 534 1489 basin
554 1439 713 1490 tenentibus
733 1461 741 1504 3
773 1439 863 1488 creola
883 1435 1030 1504 marginali
1052 1435 1134 1486 modo

155 1534 299 1596 conclusa,
312 1535 392 1585 modo
412 1546 525 1604 sperta3
542 1537 631 1587 areola
653 1535 737 1598 unica
756 1534 953 1601 submsrginsli
977 1541 1004 1582 et
1026 1532 1134 1600 imper-

154 1629 238 1696 fecta5
261 1630 360 1680 areolis
380 1622 573 1682 discoidalibus
598 1632 687 1682 tribus
697 1669 707 1692 ,
728 1632 833 1699 superis
857 1631 963 1681 duabus
982 1627 1134 1692 conclusis,

157 1725 264 1775 inferna
286 1725 450 1795 plerumque
469 1737 579 1777 tantum
598 1727 723 1777 inchoata
740 1749 747 1792 5
765 1724 1006 1791 squamulalssin
1026 1723 1132 1774 alarum

156 1836 315 1888 superarum
338 1821 456 1873 fulciens
470 1839 516 1872 seu
538 1821 632 1893 tegula
649 1839 714 1888 saepe
732 1837 838 1887 magns.

187 1919 301 1968 Insecto
319 1919 456 1969 coloribus
473 1917 641 1985 splendidis,
666 1916 831 1977 metallicis,
855 1923 966 1977 ornata;
988 1912 1096 1963 feminee
1106 1910 1138 1962 in

158 2010 323 2077 spisrisrum
344 2010 418 2063 nidis
435 2011 583 2077 presertim
603 2025 653 2085 ovs
672 2009 859 2077 deponentes,
884 2018 912 2058 et
935 2009 1048 2059 illarum
1071 2022 1135 2073 pro·

25 2158 37 2168 ,
70 2122 78 2157 .’
161 2106 264 2172 geniem
285 2103 464 2171 destruentes.

158 2262 186 2320 I.
206 2260 411 2321 Mandibntae
430 2261 530 2319 breves
540 2304 550 2330 ,
572 2261 665 2330 lutee,
688 2261 839 2339 trigonoe,
859 2259 967 2318 subtus
979 2278 1076 2327 cavoe,
1094 2255 1135 2316 ab

194 2369 315 2447 origine
333 2367 379 2424 ad
390 2366 524 2424 medinm
540 2368 722 2424 incrassntoe
729 2409 739 2435 ,
755 2368 842 2443 apice
855 2386 1049 2443 compressae,
1063 2364 1139 2433 dene

196 2473 358 2544 ticntntoej
379 2470 520 2530 dentibus
542 2470 660 2530 duobus
682 2472 781 2549 epicis
802 2469 1069 2555 snboequalibnn

74 2660 77 2669 ·
165 2617 321 2677 Abdomen
349 2628 490 2687 ovatum,
512 2616 629 2695 postice
648 2627 790 2686 centnm,
817 2617 945 2685 inerme,
972 2615 1055 2696 infin
1078 2639 1139 2676 non

188 2724 400 2805 fornicatum,
423 2724 585 2801 segmentis
603 2725 737 2802 quinque
757 2723 791 2779 in
816 2721 986 2790 masculis,
1009 2735 1142 2801 quatuor

200 2830 233 2885 in
234 2827 371 2908 feminis
381 2849 396 2898 ,⁴
416 2830 543 2886 'truncus
554 2828 656 2884 antiss
667 2835 861 2896 attenuatus,
882 2828 997 2884 suturis
1010 2838 1142 2906 quatuor

195 2933 368 3010 proecipnis
388 2942 558 2988 transverse
578 2916 699 2988 divisus
708 2952 722 3002 ,⁰
744 2920 821 2988 collo
844 2928 930 3011 (sive
942 2941 1032 3008 parte
1044 2931 1141 3008 pedes

201 3038 318 3094 anticos
339 3035 551 3115 connectente)
580 3047 769 3115 segmentum
789 3034 1093 3105 transverso-lineare
1111 3046 1143 3095 et

200 3141 300 3199 trunci
321 3139 488 3198 altitudine
507 3141 652 3223 efficiente
671 3137 685 3218 (
705 3137 727 3220 ).

198 3306 444 3358 Onsnnvsntottns.
455 3307 596 3358 Antennae
610 3305 729 3358 thoracis
739 3296 924 3375 longitudine.
940 3309 1029 3382 Palpi
1039 3312 1145 3363 maxil-

167 3424 1132 3456 mmm—*Q*-

200 3500 239 3570 (ι)
256 3503 367 3563 Thorax
385 3504 495 3580 proprie
509 3503 598 3557 dietus
614 3524 632 3558 e
645 3497 789 3575 segmentis
808 3508 899 3559 tribus
920 3508 1075 3571 distinctis,
1088 3526 1146 3561 non

168 3594 271 3649 duobus
286 3607 396 3650 tentum
404 3590 458 3666 ,nt
472 3600 501 3650 in
514 3604 707 3673 sequentibus,
720 3593 897 3675 compositus.
