2528 4530
349 314 459 413 Ord.
481 314 535 403 V
528 317 592 418 L,
611 312 922 432 Lepidoptem.
1042 342 1114 431 191

197 477 303 539 {truce
344 474 533 559 vegetabilia
580 475 698 558 quihus

137 558 281 619 vescitur
299 578 366 618 non
387 569 498 617 consor
522 577 612 630 nens,
642 577 698 636 pe-

137 638 236 700 dibus
259 639 435 714 sexdecim,
467 579 520 698 vel
545 650 699 719 quatuor·

138 716 247 780 decim
283 731 336 780 aut
365 717 558 794 duodecim,
591 716 700 798 saepius

138 811 248 859 tamen
263 798 435 869 sexdecim,
449 798 592 859 analibus
607 819 700 857 num·

140 901 239 963 quam
264 879 491 940 deficientibus.
515 879 582 938 Ima
605 899 624 936 o
649 899 702 936 an-

142 961 251 1020 tennis
281 958 469 1051 plerumque
502 901 702 1038 simplicibus

141 1055 198 1100 out
211 1037 363 1100 duntaxat
372 1039 500 1117 ciliatis3
515 1039 623 1119 lingua
635 1059 704 1098 con·

145 1118 271 1202 spicue,
294 1120 491 1203 frequentius
507 1118 704 1201 longissima,

141 1199 330 1261 duriuscule
357 1221 411 1260 seu
444 1222 579 1276 cornea3
602 1197 704 1282 pulpis

144 1279 300 1357 duobus,
325 1278 455 1340 illorum
485 1278 619 1340 articulo
656 1301 702 1340 se-

144 1359 253 1422 cundo
271 1359 456 1441 plerumque
470 1381 600 1442 magno,
614 1358 705 1420 valde

147 1460 326 1521 compresso
360 1441 524 1521 (squamis
556 1440 705 1500 brevissi-

148 1521 229 1596 mis,
252 1520 420 1600 oppressis,
439 1520 551 1600 tecto).
567 1520 707 1581 Thorace

147 1621 268 1673 crasso,
285 1600 448 1680 sepissime
471 1600 608 1661 cristato.

190 1680 267 1741 Alae
310 1703 477 1762 numquam
511 1682 706 1750 convolutae,

149 1765 184 1820 in
207 1763 365 1818 nonnullis
383 1761 643 1820 snbltorizontales
659 1761 716 1820 vel·

150 1841 379 1909 incumbentes,
413 1844 445 1899 in
471 1836 631 1920 plerisque
653 1840 708 1898 cle-

146 1925 259 2004 flexoe,
273 1922 363 1979 hand
371 1922 540 1981 convolutae
549 1944 562 1993 ;
574 1922 710 2000 superio·

151 2023 221 2060 rum
237 2013 343 2070 costa,
368 2000 457 2060 basin
477 2023 581 2062 verens
590 2045 601 2072 ,
620 2021 710 2072 nnm-

151 2102 248 2162 qnam
267 2081 556 2140 dilatato-arenata.

215 2185 317 2245 Eruoa
361 2182 546 2264 vegetabilis
592 2182 710 2267 quibus

154 2264 293 2328 vescitur
319 2279 459 2326 nunaut
486 2285 556 2325 raro
584 2277 712 2326 contor-

156 2365 258 2427 quens
293 2345 428 2426 (saepins
458 2343 587 2426 glabra,
622 2344 713 2406 valde

155 2425 319 2507 elongata,
341 2423 535 2507 cylindrica‚
563 2424 712 2484 ramifor-

155 2505 219 2566 mis
239 2519 293 2564 aut
313 2505 558 2586 vermiformis),
580 2504 713 2587 pedibus

157 2584 346 2668 plerumque
363 2584 469 2646 decem
479 2631 487 2660 ‚
505 2607 576 2647 raro
593 2585 713 2647 duode-

157 2666 225 2727 cim
244 2679 296 2725 aut
317 2664 571 2748 quatuordecim,
590 2680 621 2726 et
637 2688 714 2726 ana-

159 2745 259 2817 libus,
269 2768 342 2806 cum
352 2746 715 2828 quatuordecimextant,

158 2825 406 2902 deficientibus,
430 2828 566 2888 incessus
588 2849 715 2910 geome-

158 2906 271 2966 tricus.
293 2907 376 2987 Pupa
396 2908 506 2987 saepius
523 2929 588 2968 non
602 2923 655 2968 aut
668 2922 715 2968 te-

158 2987 269 3048 nuiter
280 3001 310 3046 et
322 2987 398 3048 rude
413 2987 595 3048 folliculata.
607 2989 715 3069 Imago

158 3067 308 3127 antennis
329 3067 493 3148 pectinatis
517 3066 568 3126 vel
591 3069 716 3148 simpli-

159 3147 271 3222 cibus;
287 3145 395 3229 lingua
406 3162 460 3207 aut
472 3145 560 3206 nulla
575 3162 627 3207 aut
641 3169 717 3228 saepe

160 3227 252 3288 brevi
268 3241 299 3286 et
312 3227 376 3287 fere
395 3227 644 3304 membranacea;
656 3228 719 3309 pal-

161 3307 215 3389 pis
235 3305 376 3383 duobus,
394 3308 558 3382 brevibus,
575 3309 719 3367 teretius-

161 3384 246 3448 culis
275 3386 325 3446 vel
356 3386 533 3470 cylindrico
549 3421 567 3432 -
579 3386 718 3464 coniois3

163 3488 296 3548 corpore
311 3468 505 3551 frequentius
518 3468 614 3543 tenui,
628 3466 719 3528 elon-

188 3562 261 3625 ato;
285 3546 343 3608 alis
370 3549 555 3631 plerumque
584 3548 721 3630 patenti-

163 3568 229 3687 ἕως
238 3674 247 3704 ,
264 3628 469 3689 inferioribus
485 3630 599 3724 partim
617 3628 721 3691 detec-

166 3708 221 3781 tis,
238 3707 277 3768 ad
291 3711 465 3793 marginem
483 3723 646 3775 internum
662 3733 719 3794 pue

168 3802 313 3853 runaut
333 3790 386 3854 vix
405 3790 536 3875 plicatis.

771 1190 923 1245 FAMILIA
943 1189 1105 1242 SEPTIMA.

807 1290 1068 1342 Nocronnires.

850 1358 1027 1439 Noetullites.

782 2912 938 2965 FAMILIA
959 2911 1116 2966 OCTAVA.

825 2993 1077 3060 Pnsnnurrns.

855 3101 1034 3171 'Phale'niteu
