2528 4530
212 298 219 303 ⁰
296 314 424 449 «Orci.
454 316 501 404 V
500 315 541 403 J.
552 378 573 431 ,⁴
598 313 908 427 Lepidoptera.
1019 300 1096 404 185

119 479 203 548 tulis,
218 478 320 530 ultimo
336 479 529 548 unguiculat05
541 477 681 544 unguibus
697 476 813 543 duobus,
828 479 1015 531 communiter
1031 481 1098 532 sim-

119 577 269 646 plicibus,
297 575 327 626 in
355 574 498 625 nonnullis
522 573 631 637 bifidis,
656 582 704 623 aut
731 573 899 640 subgeminis
917 585 1006 626 uetare
1027 578 1100 629 infra

119 673 264 741 stipitatis.
278 671 361 722 Pedes
377 671 463 741 antici
482 670 683 737 papilionidum
703 670 826 737 plurium
841 673 929 722 multo
943 675 1099 738 breviores,

119 766 297 834 submutici,
317 756 459 818 interdum
482 766 679 825 hirsutissimi,
700 767 814 831 inflexi,
839 770 940 834 pectori
963 774 1103 840 appressi,

120 864 192 914 inde
212 863 311 930 spurii.
326 861 469 914 Abdomen
484 861 610 911 diametri
631 861 776 912 transversi
792 873 868 929 parte
884 865 1001 915 minima
1021 885 1104 934 punc-

121 969 187 1011 tove
213 959 393 1010 metathoraci
412 958 538 1038 altinum,
560 960 703 1025 segmentis
723 977 768 1008 sex
785 970 833 1010 aut
848 971 949 1027 septem
965 974 1105 1032 constans,

121 1056 208 1106 modo
221 1054 367 1118 subovale,
381 1052 461 1104 modo
473 1053 599 1105 conicum
614 1054 658 1102 vel
673 1038 923 1119 snbcylindricum.

159 1185 286 1238 Maeonii
304 1186 431 1236 antennis
445 1185 576 1247 diversis,-
599 1185 746 1236 abdomine
767 1188 924 1252 angustiore
938 1227 945 1253 ,
961 1189 1103 1240 interdum

123 1281 231 1348 palpis,
244 1280 392 1343 coloribus,
410 1297 425 1328 a
437 1279 552 1350 seminis
565 1279 769 1346 distinguendi3
789 1281 888 1332 barum
900 1293 1024 1333 autennae
1039 1302 1104 1351 saepe

123 1376 267 1443 simplices
278 1413 285 1439 ,
296 1369 330 1426 in
344 1377 481 1443 prioribus
500 1394 564 1425 vero
580 1377 737 1443 pectinatae,
751 1388 856 1428 serratas
869 1390 917 1430 ant
929 1382 1033 1432 ciliatae.
1053 1386 1106 1434 Fe·

123 1477 213 1526 minoe
232 1490 370 1541 perpaucae
385 1482 481 1540 apterae
493 1483 540 1523 aut
554 1474 604 1523 alis
617 1473 783 1524 brevissimis
793 1474 940 1529 instructae.

162 1570 396 1664 Metamorphosis
410 1595 524 1644 obtecta.

163 1717 263 1767 Larua
286 1727 332 1764 seu
354 1734 433 1767 eruca
453 1715 567 1782 pedibus
587 1715 723 1766 sexdecim
739 1717 771 1767 ad
783 1717 875 1768 decem
894 1716 1027 1769 instructa
1047 1719 1110 1787 (sex

126 1812 232 1865 enticis
246 1810 448 1878 unguiculatis,
464 1830 569 1879 semper
589 1815 763 1877 extantibus,
777 1815 838 1865 aliis
852 1832 916 1863 vero
934 1817 1110 1866 membrana-

125 1910 204 1968 cels,
228 1907 263 1957 ad
284 1907 388 1976 apicem
408 1906 556 1958 dilatandis
567 1938 580 1967 ,-
604 1926 668 1974 saepc
691 1909 887 1972 denticulatis,
911 1912 1030 1977 corporis
1053 1929 1111 1978 seg-

127 2011 225 2054 menta
239 2001 403 2051 intermedia
419 2012 446 2052 et
461 2003 594 2052 ultimum
605 2002 815 2074 occupantibus)
828 2004 932 2067 mollis,
948 2005 1110 2072 plerumque

129 2098 284 2164 elongata,
304 2096 509 2170 subcylindrica
535 2099 578 2146 vel
601 2098 789 2148 tereti-conica
809 2137 817 2159 ,
837 2100 991 2159 annulata,
1016 2108 1112 2166 praeter

126 2201 214 2262 caput
232 2193 378 2259 segmentis
396 2192 540 2244 duodecim
561 2203 700 2259 constans,
722 2196 841 2261 vestitu,
856 2196 992 2245 coloribus
1013 2197 1111 2245 admo-

126 2290 199 2340 dum
216 2288 297 2337 ·varia
317 2326 325 2353 ,
350 2288 493 2355 spiraculis
513 2290 646 2356 utrinque
666 2301 789 2355 novem,
809 2301 889 2358 caput
908 2301 969 2341 cute
996 2309 1111 2357 cornea,

127 2395 159 2438 et
189 2386 222 2435 in
244 2385 299 2434 duo
317 2384 505 2452 hemisphaeria
523 2387 597 2436 sulco
625 2404 740 2454 superne
759 2387 864 2448 divisa,
886 2387 1109 2453 cataphractum;

129 2481 244 2550 granuli
263 2497 309 2530 sex
326 2479 422 2548 (oculi
432 2479 463 2551 l)
480 2498 514 2530 ex
532 2490 649 2547 utroque
670 2468 768 2546 latere3
781 2499 809 2531 os
824 2482 917 2548 clypeo
930 2482 1111 2548 emarginato,

128 2573 306 2626 mandibulis
328 2572 433 2623 duabus
451 2573 561 2624 ¹corneis
571 2611 578 2638 ,
601 2568 793 2636 validissimis,
811 2573 1006 2638 denticulatis,
1026 2571 1112 2639 palpis

130 2671 260 2740 duobus,
280 2668 463 2733 brevissimis,
483 2669 655 2734 incrassatis,
677 2669 792 2734 conicis,
813 2669 1020 2734 triarticulatis5
1037 2669 1111 2718 labio

130 2784 146 2817 e
160 2765 332 2832 corpusculis
350 2763 438 2814 tribus
450 2765 562 2815 'conicis
578 2767 622 2816 vel
638 2766 833 2833 pyramidatis,
847 2763 880 2813 ad
901 2765 1005 2830 apicem
1023 2781 1112 2814 marn-

130 2859 250 2911 millatis
259 2896 268 2919 ,
283 2859 417 2923 conflato,
434 2862 593 2928 corpusculo
608 2861 788 2925 intermedio,
811 2860 882 2909 labio
901 2858 991 2909 forsan
1002 2860 1111 2925 proprie

131 2958 225 3020 dicto,
244 2957 325 3022 paulo
337 2957 457 3022 majore,
477 2957 527 3006 sub
541 2956 633 3022 apice,
654 2958 706 3006 filis
725 2956 832 3006 sericeis
852 2954 1028 3006 excludendis
1042 2991 1049 3018 ,
1062 2970 1113 3002 an-

130 3055 186 3104 tice
201 3051 350 3125 perforato.
375 3053 470 3104 Victus
488 3070 502 3102 e
517 3052 722 3118 vegetabilibus.

170 3188 315 3257 Chrysalis
328 3198 375 3239 aut
386 3206 463 3259 pupa
480 3188 646 3250 immobilis,
664 3197 742 3238 ovata
759 3188 804 3236 vel
823 3186 1029 3248 ovato-conica,
1049 3195 1112 3239 cute
1168 3179 1179 3197 χ

133 3285 259 3336 coriacea
276 3284 428 3351 continua,
449 3295 476 3336 at
499 3284 595 3334 insecti
616 3265 772 3332 declarandi
792 3282 914 3332 membra
937 3291 1051 3332 externa
1070 3301 1114 3334 re-

133 3380 255 3443 ferente,
271 3380 412 3445 involuta,
427 3381 526 3447 poetice
539 3379 683 3437 annulata,
698 3378 727 3426 in
742 3377 955 3443 papilionidibus
970 3378 1114 3446 persapius

134 3477 229 3540 nuda,
253 3468 592 3542 angttlata,'quandoque
616 3473 731 3523 maculis
753 3472 896 3522 metallicis
915 3483 1027 3535 ornata,
1054 3481 1115 3522 tum

134 3586 188 3619 ano
203 3569 275 3626 solo,
292 3576 350 3616 tum
366 3567 412 3616 fito
427 3576 577 3616 transverso
591 3575 618 3615 et
632 3582 679 3635 per
694 3564 818 3613 medium
834 3565 971 3630 corporis,
988 3565 1115 3629 alligata,
1175 3623 1176 3627 Ἰ

134 3667 166 3716 in
178 3662 359 3730 lepidopteris
369 3662 430 3711 aliis
444 3639 516 3710 laevii
524 3698 531 3725 ,
546 3662 641 3710 crebro
658 3659 808 3710 folliculata
824 3659 867 3707 vel
882 3660 986 3726 sepulta
996 3668 1044 3709 aut
1054 3675 1115 3709 cor-

133 3763 252 3832 poribus
269 3760 356 3812 variis
368 3760 520 3826 occultata,
535 3759 669 3825 spiracula
682 3758 813 3826 utrinque
826 3772 935 3807 novem.

214 3880 280 3955 IV.
899 3892 948 3969 24
