2528 4530
366 313 473 403 ora.
498 261 636 417 Vra,
655 315 870 429 nacerat..
1033 317 1113 431 257

137 484 267 543 manete3
280 475 362 531 modo
376 479 582 531 membranaceo
592 490 619 532 et
637 481 782 546 variabili,
798 483 829 531 iu
842 481 934 548 paucis
952 489 1117 543 antennato,

135 573 282 640 palpigero
304 582 333 625 et
351 575 519 627 suboculato.
543 575 639 645 Papa,
660 577 690 627 in
708 577 918 644 metamorphosi
938 577 1116 646 incompleta]

135 666 185 718 his
207 666 379 733 folliculata,
397 670 454 721 illis
475 671 566 736 nuda,
585 671 666 721 modo
694 673 820 739 aquatica
840 675 868 723 et
891 689 990 738 vagans
1007 708 1015 736 ,
1036 672 1117 721 modo

136 761 280 812 terrestris
296 771 323 813 et
338 763 480 830 quiescens
490 790 500 830 ;
510 774 544 823 ,at
557 766 664 818 thorace
682 767 824 833 spiraculis
842 767 948 819 duobus
961 767 1119 834 productis,

137 870 248 905 cornua
263 866 313 908 aut
334 857 471 909 auriculas
488 860 697 923 aemulantibus,
716 878 781 928 saepe
799 861 941 916 instructo.

129 1029 132 1037 ,
175 978 366 1035 ΑΝΝοτΑτιο.
386 981 564 1048 Dipterorum
586 984 633 1034 alac
653 983 912 1051 hymencpterorum
939 983 989 1032 alis
1014 981 1121 1050 superis

140 1076 296 1142 generatim
316 1077 523 1144 assimilantur3
545 1080 575 1129 in
599 1079 737 1146 prioribus
759 1096 819 1133 area
839 1078 1120 1148 basilaris(am1bra·

141 1173 250 1242 chium)
270 1174 359 1225 multo
376 1173 486 1240 minor,
500 1175 567 1226 dum
579 1193 613 1226 ex
624 1177 753 1242 adverso,
767 1178 854 1244 campi
876 1178 957 1227 alaris
975 1192 1035 1243 pars
1050 1175 1118 1225 resi-

140 1269 199 1321 dua
223 1268 407 1340 (bruchium)
426 1271 535 1338 longius
555 1281 684 1336 extensa,
704 1274 807 1341 postico
826 1274 911 1339 magis
930 1272 1072 1322 reticulata
1093 1279 1121 1321 et

133 1363 242 1423 ¹areolia
267 1365 462 1417 disccidalibus
486 1370 569 1434 magis
595 1369 736 1434 elongatis.
764 1367 872 1434 Dipteri
895 1368 935 1417 ala
959 1369 1064 1433 singula
1087 1367 1121 1417 ab

140 1477 207 1511 area
224 1461 336 1513 basilari
353 1464 388 1513 ad
405 1442 555 1531 marginem
574 1465 707 1531 posticum
727 1481 824 1515 nereos
842 1481 888 1514 sex
908 1462 1121 1529 longitudinales

131 1567 171 1621 ‚et
187 1558 337 1628 primarios
352 1560 509 1628 frequenter
524 1562 635 1613 exbibet
650 1601 655 1612 .
671 1561 833 1634 marginalia
848 1562 891 1612 vel
908 1559 1040 1622 radicalia,
1057 1557 1122 1608 sub-

141 1653 312 1724 mcrginalr‘a
326 1654 384 1705 sive
397 1654 529 1707 cubitalia
539 1681 552 1715 ,²
565 1665 673 1730 externo
689 1659 791 1708 medius
807 1657 848 1725 (iu
863 1655 960 1705 multia
970 1651 1122 1721 deficiens),

142 1750 389 1810 interno-medius,
410 1750 504 1802 unalia
526 1761 553 1801 et
572 1751 709 1804 axillaria.
731 1752 866 1803 cubitalis
889 1769 903 1800 e
926 1750 1033 1800 duobus
1054 1764 1122 1797 ner-

141 1844 239 1909 vulis,
255 1862 321 1914 saepe
337 1846 499 1914 disjunctis,
516 1865 590 1898 nunc
607 1848 767 1899 anastomosi
783 1847 937 1915 conjunctis
952 1855 978 1894 et
993 1845 1122 1895 cellulam

141 1938 298 2001 linearem,
317 1940 395 1989 nobis
411 1941 591 2004 mediastina,
612 1942 650 1990 sic
668 1940 914 2001 concludentibus,
936 1938 1122 2003 componitur.
1140 1962 1144 1969 ·

143 2033 289 2086 Nervulus
303 2042 434 2086 externus
447 2037 575 2102 brevior,
590 2037 696 2087 inferus
715 2037 878 2104 plerumque
896 2035 967 2083 ultra
984 2032 1123 2083 solitarius

142 2130 322 2200 progreditur
341 2141 447 2183 etcum
462 2151 548 2184 nervo
566 2134 731 2201 marginali,
749 2133 829 2183 modo
847 2131 946 2181 cellula
962 2128 1124 2180 mediastina

144 2227 224 2296 apice
248 2227 411 2293 definiatur,
432 2231 560 2280 cellulam
581 2229 761 2300 (stigmam),
776 2227 861 2295 (sorte
878 2225 995 2278 radicalis
1017 2226 1043 2274 in
1066 2241 1125 2274 me·

143 2325 232 2378 thodo
247 2324 318 2376 dom.
334 2326 448 2396 Jurine)
463 2326 552 2377 efficit.
565 2327 681 2376 Ramum
695 2324 909 2388 autnervulum,
922 2323 953 2372 ad
966 2323 1068 2388 apicem
1077 2320 1126 2369 alas

144 2421 301 2485 directum,
324 2429 352 2470 et
373 2421 503 2471 cellulam
524 2421 704 2488 marginalem
723 2418 888 2471 radialemve
911 2418 1125 2487 terminantem,

144 2517 272 2582 emittit,
290 2517 423 2566 nervulus
441 2516 484 2566 bic
500 2512 683 2567 subrubitulis
702 2514 804 2581 pariter
823 2513 944 2563 forcatus
967 2520 993 2561 et
1012 2512 1125 2560 cellulas

145 2612 363 2678 strbmarginalea
380 2611 431 2681 (1)
452 2612 498 2661 vel
513 2611 646 2662 cubitales
664 2609 713 2678 (a)
738 2609 921 2675 amplectitur.
940 2608 972 2658 In
990 2607 1127 2675 syrpbiis,

145 2726 240 2761 aream
257 2709 467 2772 intermediam,
486 2724 569 2775 quam
590 2724 655 2758 mox
678 2706 826 2768 deliniam,
847 2705 1044 2771 lungitrorsum
1064 2721 1126 2772 per-

138 2806 239 2857 currit
260 2806 395 2857 ncrvulus
418 2805 563 2868 insolitus,
579 2806 658 2854 nobis
680 2806 796 2872 spurina.
826 2803 932 2853 Cellula
949 2805 1035 2853 anulis
1057 2821 1126 2854 ner-

144 2903 215 2955 vulo
237 2902 342 2966 simili,
360 2901 406 2953 sed
423 2902 544 2952 breviori
561 2910 587 2951 et
614 2901 707 2951 minus
727 2901 873 2963 distincto,
892 2901 996 2967 pariter
1014 2908 1125 2953 secatus.

144 3002 207 3056 Alae
234 3017 362 3067 campum
394 2999 423 3049 in
452 3008 571 3066 quatuor
601 3016 675 3049 areas
701 2999 854 3051 dividimus
879 3017 884 3049 :
920 2996 954 3048 1⁰.
986 2999 1016 3048 A.
1048 2996 1127 3046 basi·

144 3095 236 3154 laria,
261 3095 296 3149 ab
319 3095 366 3144 alae
395 3094 499 3161 origine
528 3094 561 3145 ad
590 3111 740 3144 nervorum
767 3094 977 3160 praecedentium
1006 3090 1123 3140 initium

144 3204 236 3254 usquc
259 3197 378 3238 extensa.
402 3186 437 3238 2⁰.
460 3188 495 3240 A.
518 3189 652 3249 castalia,
669 3186 848 3238 intervallum
871 3202 957 3236 nervo
979 3184 1127 3251 marginali

144 3292 175 3334 et
197 3284 314 3333 nervulo
339 3282 505 3333 subcubitali
526 3283 674 3332 inclusum.
694 3281 732 3334 3⁰.
754 3284 777 3332 A
797 3281 979 3343 intermedia,
1000 3297 1059 3346 pars
1079 3281 1126 3328 alas

143 3381 224 3432 inter
247 3396 338 3430 aream
359 3378 553 3448 precedentem
577 3389 604 3429 et
625 3396 743 3429 nervum
762 3377 1022 3429 medic-internum
1044 3379 1127 3428 iuter-

144 3479 247 3548 posita.
275 3477 312 3530 4⁰.
338 3478 364 3527 A
391 3479 520 3541 interna,
545 3478 635 3544 portio
654 3476 762 3526 residua
781 3493 841 3543 quae
859 3475 892 3525 ab
917 3476 967 3526 boc
987 3492 1072 3525 nervo
1093 3473 1127 3524 ad

148 3621 336 3638 ‘n—

184 3695 352 3766 (1)ce11ulae
369 3692 485 3763 apicales
502 3697 617 3747 nervulo
637 3693 765 3745 fulcienti
789 3664 896 3744 inferne
916 3692 1057 3760 contiguas.

185 3791 225 3862 (2)
242 3792 354 3842 Cellulae
371 3792 486 3861 apicales
501 3792 714 3862 precedentibus
732 3791 869 3858 subjecta.

253 3944 259 3970 l
