2528 4530
133 319 241 413 ord.
261 321 314 416 V
305 328 347 413 L
367 325 424 411 F.
448 324 503 413 V
493 327 561 413 II.
569 384 585 426 ,
614 327 916 417 Noctuoelites.
956 333 1037 422 225

91 486 283 543 Auuonxrro.
302 489 397 540 Genus
411 488 476 552 hoc,
492 487 632 556 speciebus
648 492 921 555 numerosissimum,
938 495 968 546 in
986 513 1040 560 secd

61 583 156 637 tiones
175 585 313 637 naturales
334 584 485 648 dividere,
508 599 594 650 usque
617 601 691 635 nunc
713 586 813 638 trustra
836 589 949 640 molitus
971 608 1041 644 sum.
1124 594 1126 599 ’

60 679 202 747 Equidem
227 679 454 748 metamorphoses
479 679 551 731 viam
576 680 653 730 nobis
670 681 825 749 declarant3
847 695 874 736 at
897 688 1043 753 permulta

62 771 173 838 latent3
195 771 295 825 deinde
313 787 377 822 vero
398 771 583 834 characteres,
604 772 634 822 in
656 773 753 825 ordine
771 776 867 828 saltem
885 778 1042 844 artificiali,

60 866 97 918 ab
115 862 237 934 imagine
248 867 304 916 sola
318 865 505 932 depromendi.
520 868 636 918 Noctuce
653 868 771 918 Froxs'ni
779 907 788 929 ,
807 888 922 943 sponsa,
939 881 1043 944 nupta,

59 964 270 1042 paranympha,
287 979 393 1021 maura,
407 971 477 1025 ete,
492 963 520 1012 in
533 962 765 1028 lepidoptercrum
781 963 985 1018 Viennensium
1004 985 1046 1018 ca-

60 1060 151 1127 talogo
168 1057 340 1123 systematico
353 1058 458 1123 generis
471 1058 553 1107 finem
567 1075 661 1108 versus
677 1060 832 1126 relegantur
841 1099 849 1124 ,
859 1062 925 1111 dum
936 1064 1042 1129 potius,

62 1153 97 1203 ob
116 1152 229 1204 illarum
249 1167 314 1200 cum
329 1149 444 1199 Noctuis
464 1142 555 1213 Strix,
572 1150 664 1218 Bubo,
681 1153 779 1215 odora,
797 1155 862 1213 etc„
882 1154 1044 1206 affinitatem

66 1264 219 1312 summam,
237 1263 290 1314 pra
301 1246 404 1296 ceteris
415 1247 584 1297 antecedant.
601 1248 706 1313 Species
727 1249 840 1315 majores
856 1264 951 1314 genera
965 1260 1048 1300 nutu·

64 1345 159 1409 ralia,
173 1349 211 1394 'ut
233 1352 295 1410 pote
315 1351 480 1408 magnates,
500 1344 638 1410 aperiunt.
661 1341 762 1392 Seriem
786 1339 974 1394 Fabricianam
998 1363 1048 1396 seu

65 1440 264 1502 Linnaettnam,
278 1438 404 1504 quamvis
418 1433 571 1486 sectionum
593 1435 719 1495 defectu,
740 1436 825 1486 nimis
847 1454 1000 1503 operosam,
1019 1448 1047 1490 et

64 1535 272 1586 characteribus
294 1551 328 1583 ex
349 1534 456 1582 alarum
475 1532 533 1581 situ
557 1531 650 1599 petitis
672 1530 756 1582 nimis
774 1531 916 1599 fallacem,
934 1549 1042 1586 serrare

63 1632 162 1699 placet.
187 1629 250 1678 Haec
268 1637 359 1677 tamen
378 1626 524 1676 annotabo.

103 1726 141 1779 1⁰.
168 1727 362 1793 Antennarum
382 1723 474 1773 scrmae
493 1722 632 1774 attendere
651 1723 720 1773 velis
740 1742 746 1773 :
767 1723 796 1774 in
818 1724 947 1791 plurimis
963 1726 1058 1779 enim·

63 1824 210 1892 pectinatae
220 1829 268 1870 aut
287 1819 365 1869 ualde
384 1819 497 1885 ciliatae3
513 1820 542 1868 in
561 1819 622 1867 aliis
638 1822 988 1888 tr·ansrerso-semiteretes‚
1000 1824 1045 1875 vel

64 1919 178 1988 penitus
195 1909 521 1980 transverso—cylindricae
536 1915 590 1982 (N.
604 1914 799 1986 floricomis).

97 2020 138 2080 ἑο.
154 2028 301 2094 Palporum
322 2035 480 2091 structura,
502 2026 662 2092 magnitudo
680 2027 834 2077 accuratius
853 2029 1043 2082 observandae:

62 2125 94 2177 in
110 2121 149 2176 N.
168 2122 258 2185 Strix,
281 2123 376 2190 Bubo,
399 2123 502 2186 odora,
524 2120 735 2190 crespuscularis
752 2131 778 2171 et
789 2123 850 2172 aliis
862 2139 980 2188 quarum
1000 2127 1048 2176 atae

61 2222 163 2290 patulae
181 2236 228 2271 seu
248 2233 385 2287 expansae,
399 2219 533 2270 articulus
552 2218 650 2268 tertius
670 2217 789 2285 maxime
802 2219 959 2285 elongatus,
978 2221 1044 2271 sub-

62 2319 174 2384 nudus,
186 2317 213 2387 in
225 2317 260 2368 Ν.
272 2314 434 2384 pronubaet
448 2313 575 2363 affinibus
589 2313 723 2363 articulus
739 2314 874 2364 secundus
889 2315 923 2366 ad
939 2316 1044 2382 apicem

60 2417 90 2464 ei
110 2410 202 2464 antica
221 2411 484 2478 acuto-productus3
504 2418 556 2459 etc.

100 2521 139 2574 5⁰.
157 2521 212 2573 Atae
228 2519 379 2586 superiores
399 2511 613 2583 dimentiendae3
633 2534 725 2585 margo
747 2517 864 2585 posticus
880 2517 956 2569 enim
974 2518 1041 2570 lon-

60 2614 189 2688 gitudine
200 2612 406 2677 directioueque
420 2611 516 2662 variat.

99 2711 139 2764 4⁰.
158 2711 271 2762 Noctuae
295 2725 412 2774 quarum
432 2708 512 2757 larrae
538 2708 653 2774 pedibus
681 2706 826 2760 duodecim
850 2717 959 2758 tanturn
980 2709 1041 2759 ins-

59 2817 201 2861 truuntur
218 2805 371 2882 sectionem
394 2815 503 2870 prorsus
522 2797 674 2854 naturalem
697 2797 840 2868 efficiunt5
859 2812 886 2852 at
907 2799 1042 2855 insertum

61 2907 235 2958 declaratum
253 2902 422 2952 characteres
439 2901 562 2967 proprios
576 2915 632 2948 non
646 2898 765 2949 exhibet.
841 2930 844 2936 ·

97 3012 138 3066 5⁰.
162 3010 278 3063 Noctuis
301 3007 447 3076 adjungam
464 3005 630 3075 lepidoptera
644 3005 767 3072 quaedam
789 3021 805 3056 a
820 3001 955 3072 plurimis
972 3017 1038 3064 curu,

61 3109 249 3174 Bombycibus
259 3107 387 3174 adjuncta
398 3119 405 3154 ι
417 3104 547 3168 libatrix,
558 3104 678 3173 palpina
689 3141 697 3167 ,
708 3103 870 3172 argentina,
884 3077 1031 3160 carnelina,
1074 3164 1076 3166 η

60 3208 275 3268 Drcmrdan'us5
291 3206 397 3256 alarum
411 3201 584 3269 superiorum
595 3200 680 3250 forma
696 3186 859 3248 divisionem
872 3198 1039 3264 peculiarem

60 3312 90 3356 et
114 3301 277 3371 precedenti
296 3301 451 3368 proximam
469 3296 532 3365 (his
549 3305 575 3346 et
591 3296 648 3346 illis
663 3310 756 3360 margo
770 3292 896 3347 internus
917 3304 1044 3344 arcuato-

59 3401 187 3470 excisus)
199 3401 320 3450 indicare
332 3399 452 3449 videtur.

98 3512 137 3565 6⁰.
152 3508 362 3562 Characteribus
379 3507 528 3559 formarum
545 3498 699 3564 exhaustis,
714 3495 837 3550 colorum
854 3497 1040 3550 diversitatem

60 3607 209 3672 adhibeas;
231 3603 286 3656 haec
305 3613 413 3654 tanturn
430 3610 577 3669 supersunt
594 3597 771 3648 adminicula.

99 3697 380 3769 Entcmoplrylacium
398 3715 508 3760 meum,
531 3694 581 3745 etsi
594 3691 744 3744 amicorum
757 3691 886 3754 auxiliis,
904 3689 1040 3758 imprimis

60 3776 258 3850 benevolentia
269 3796 368 3849 Baron.
377 3794 410 3846 de
421 3792 493 3850 Mcll
500 3801 527 3844 et
538 3792 610 3845 dom.
624 3794 668 3846 W
665 3789 763 3850 alluer,
774 3789 952 3852 Genevensis,
965 3801 1041 3845 cura,

137 3892 202 3968 IV.
372 3913 377 3929 ¹
826 3907 874 3983 29
