<?xml version="1.0" encoding="UTF-8"?>
<!DOCTYPE html PUBLIC "-//W3C//DTD XHTML 1.0 Transitional//EN"
    "http://www.w3.org/TR/xhtml1/DTD/xhtml1-transitional.dtd">
<html xmlns="http://www.w3.org/1999/xhtml" xml:lang="en" lang="en">
 <head>
  <title>
</title>
<meta http-equiv="Content-Type" content="text/html;charset=utf-8" />
  <meta name='ocr-system' content='tesseract 3.04.00' />
  <meta name='ocr-capabilities' content='ocr_page ocr_carea ocr_par ocr_line ocrx_word'/>
</head>
<body>
  <div class='ocr_page' id='page_1' title='image "./generacrustaceo01latrgoog_0366.png"; bbox 0 0 2528 4530; ppageno 0'>
   <div class='ocr_carea' id='block_1_1' title="bbox 260 318 1105 455">
    <p class='ocr_par' dir='ltr' id='par_1_1' title="bbox 260 318 1105 455">
     <span class='ocr_line' id='line_1_1' title="bbox 260 318 1105 455; baseline -0.001 -38"><span class='ocrx_word' id='word_1_1' title='bbox 260 327 367 417; x_wconf 85' lang='lat' dir='ltr'><strong>Orol.</strong></span> <span class='ocrx_word' id='word_1_2' title='bbox 389 326 439 416; x_wconf 87' lang='lat' dir='ltr'><em>V</em></span> <span class='ocrx_word' id='word_1_3' title='bbox 435 323 506 414; x_wconf 89' lang='grc' dir='ltr'><strong>ΙΙ.</strong></span> <span class='ocrx_word' id='word_1_4' title='bbox 530 326 587 455; x_wconf 76' lang='lat' dir='ltr'><strong>E.</strong></span> <span class='ocrx_word' id='word_1_5' title='bbox 604 318 662 412; x_wconf 89' lang='lat' dir='ltr'><em>X</em></span> <span class='ocrx_word' id='word_1_6' title='bbox 664 323 746 427; x_wconf 75' lang='lat' dir='ltr'><strong>V.&#39;,</strong></span> <span class='ocrx_word' id='word_1_7' title='bbox 768 323 996 412; x_wconf 81' lang='lat' dir='ltr'><strong>Coricceae.</strong></span> <span class='ocrx_word' id='word_1_8' title='bbox 1028 324 1105 439; x_wconf 77' lang='lat'><strong>561</strong></span> 
     </span>
    </p>
   </div>
   <div class='ocr_carea' id='block_1_2' title="bbox 136 485 1118 1039">
    <p class='ocr_par' dir='ltr' id='par_1_2' title="bbox 136 485 1118 1039">
     <span class='ocr_line' id='line_1_2' title="bbox 136 485 1113 556; baseline -0.008 -11"><span class='ocrx_word' id='word_1_9' title='bbox 136 511 154 545; x_wconf 87' lang='lat' dir='ltr'><strong>e</strong></span> <span class='ocrx_word' id='word_1_10' title='bbox 169 491 325 555; x_wconf 88' lang='lat' dir='ltr'><strong>tuberculo,</strong></span> <span class='ocrx_word' id='word_1_11' title='bbox 338 489 459 541; x_wconf 87' lang='lat' dir='ltr'><strong>breviter</strong></span> <span class='ocrx_word' id='word_1_12' title='bbox 470 488 614 555; x_wconf 78' lang='lat' dir='ltr'><strong>subovato,</strong></span> <span class='ocrx_word' id='word_1_13' title='bbox 626 486 767 551; x_wconf 85' lang='lat' dir='ltr'><strong>immerso,</strong></span> <span class='ocrx_word' id='word_1_14' title='bbox 785 485 918 554; x_wconf 84' lang='lat' dir='ltr'><strong>setigero,</strong></span> <span class='ocrx_word' id='word_1_15' title='bbox 932 489 976 540; x_wconf 86' lang='lat' dir='ltr'><strong>vel</strong></span> <span class='ocrx_word' id='word_1_16' title='bbox 988 501 1113 556; x_wconf 73' lang='lat' dir='ltr'><strong>processu</strong></span> 
     </span>
     <span class='ocr_line' id='line_1_3' title="bbox 136 582 1113 654; baseline -0.004 -13"><span class='ocrx_word' id='word_1_17' title='bbox 136 588 267 641; x_wconf 84' lang='lat' dir='ltr'><strong>subovali</strong></span> <span class='ocrx_word' id='word_1_18' title='bbox 285 595 333 637; x_wconf 79' lang='lat' dir='ltr'><strong>sut</strong></span> <span class='ocrx_word' id='word_1_19' title='bbox 349 582 717 652; x_wconf 85' lang='lat' dir='ltr'><strong>subtrigono-squsmiformi</strong></span> <span class='ocrx_word' id='word_1_20' title='bbox 735 591 763 634; x_wconf 91' lang='lat' dir='ltr'><strong>et</strong></span> <span class='ocrx_word' id='word_1_21' title='bbox 781 582 890 643; x_wconf 92' lang='lat' dir='ltr'><strong>obtuso,</strong></span> <span class='ocrx_word' id='word_1_22' title='bbox 911 595 1049 652; x_wconf 88' lang='lat' dir='ltr'><strong>porrecto,</strong></span> <span class='ocrx_word' id='word_1_23' title='bbox 1065 586 1113 654; x_wconf 88' lang='lat' dir='ltr'><strong>pl-</strong></span> 
     </span>
     <span class='ocr_line' id='line_1_4' title="bbox 138 677 1116 750; baseline 0 -15"><span class='ocrx_word' id='word_1_24' title='bbox 138 683 219 750; x_wconf 86' lang='lat' dir='ltr'><strong>loso,</strong></span> <span class='ocrx_word' id='word_1_25' title='bbox 240 689 402 734; x_wconf 74' lang='lat' dir='ltr'><strong>constantes.</strong></span> <span class='ocrx_word' id='word_1_26' title='bbox 425 678 531 749; x_wconf 77' lang='lat' dir='ltr'><strong>Capitis</strong></span> <span class='ocrx_word' id='word_1_27' title='bbox 550 677 631 728; x_wconf 87' lang='lat' dir='ltr'><strong>facies</strong></span> <span class='ocrx_word' id='word_1_28' title='bbox 654 677 763 743; x_wconf 83' lang='lat' dir='ltr'><strong>antica,</strong></span> <span class='ocrx_word' id='word_1_29' title='bbox 782 678 813 729; x_wconf 90' lang='lat' dir='ltr'><strong>in</strong></span> <span class='ocrx_word' id='word_1_30' title='bbox 832 678 944 731; x_wconf 83' lang='lat' dir='ltr'><strong>familiis</strong></span> <span class='ocrx_word' id='word_1_31' title='bbox 964 683 1116 748; x_wconf 64' lang='lat' dir='ltr'><strong>{staceden-</strong></span> 
     </span>
     <span class='ocr_line' id='line_1_5' title="bbox 139 775 1116 846; baseline 0.001 -16"><span class='ocrx_word' id='word_1_32' title='bbox 139 780 219 831; x_wconf 87' lang='lat' dir='ltr'><strong>tibus</strong></span> <span class='ocrx_word' id='word_1_33' title='bbox 240 779 274 830; x_wconf 85' lang='lat' dir='ltr'><strong>ad</strong></span> <span class='ocrx_word' id='word_1_34' title='bbox 295 776 416 830; x_wconf 82' lang='lat' dir='ltr'><strong>frontem</strong></span> <span class='ocrx_word' id='word_1_35' title='bbox 442 792 528 842; x_wconf 86' lang='lat' dir='ltr'><strong>usquc</strong></span> <span class='ocrx_word' id='word_1_36' title='bbox 549 775 682 846; x_wconf 85' lang='lat' dir='ltr'><strong>producta</strong></span> <span class='ocrx_word' id='word_1_37' title='bbox 706 784 733 826; x_wconf 87' lang='lat' dir='ltr'><strong>et</strong></span> <span class='ocrx_word' id='word_1_38' title='bbox 759 776 833 826; x_wconf 86' lang='lat' dir='ltr'><strong>linea</strong></span> <span class='ocrx_word' id='word_1_39' title='bbox 855 777 1002 844; x_wconf 83' lang='lat' dir='ltr'><strong>impressa,</strong></span> <span class='ocrx_word' id='word_1_40' title='bbox 1024 788 1116 832; x_wconf 84' lang='lat' dir='ltr'><strong>trans-</strong></span> 
     </span>
     <span class='ocr_line' id='line_1_6' title="bbox 139 873 1117 941; baseline 0.002 -14"><span class='ocrx_word' id='word_1_41' title='bbox 139 893 239 941; x_wconf 88' lang='lat' dir='ltr'><strong>versa,</strong></span> <span class='ocrx_word' id='word_1_42' title='bbox 256 876 434 940; x_wconf 82' lang='lat' dir='ltr'><strong>subarcuata,</strong></span> <span class='ocrx_word' id='word_1_43' title='bbox 451 873 552 941; x_wconf 77' lang='lat' dir='ltr'><strong>postico</strong></span> <span class='ocrx_word' id='word_1_44' title='bbox 563 873 690 933; x_wconf 83' lang='lat' dir='ltr'><strong>definite,</strong></span> <span class='ocrx_word' id='word_1_45' title='bbox 705 889 779 924; x_wconf 90' lang='lat' dir='ltr'><strong>nunc</strong></span> <span class='ocrx_word' id='word_1_46' title='bbox 789 875 877 925; x_wconf 90' lang='lat' dir='ltr'><strong>multo</strong></span> <span class='ocrx_word' id='word_1_47' title='bbox 887 876 1052 928; x_wconf 82' lang='lat' dir='ltr'><strong>breviorseu</strong></span> <span class='ocrx_word' id='word_1_48' title='bbox 1071 878 1117 929; x_wconf 91' lang='lat' dir='ltr'><strong>in-</strong></span> 
     </span>
     <span class='ocr_line' id='line_1_7' title="bbox 139 965 1118 1039; baseline 0.002 -19"><span class='ocrx_word' id='word_1_49' title='bbox 139 969 238 1021; x_wconf 83' lang='lat' dir='ltr'><strong>ferior.</strong></span> <span class='ocrx_word' id='word_1_50' title='bbox 247 967 380 1020; x_wconf 81' lang='lat' dir='ltr'><strong>LameHoe</strong></span> <span class='ocrx_word' id='word_1_51' title='bbox 392 966 486 1038; x_wconf 83' lang='lat' dir='ltr'><strong>(palpi</strong></span> <span class='ocrx_word' id='word_1_52' title='bbox 494 965 524 1035; x_wconf 75' lang='lat' dir='ltr'><strong>P)</strong></span> <span class='ocrx_word' id='word_1_53' title='bbox 536 967 604 1032; x_wconf 81' lang='lat' dir='ltr'><strong>duae,</strong></span> <span class='ocrx_word' id='word_1_54' title='bbox 616 967 784 1032; x_wconf 70' lang='lat' dir='ltr'><strong>subcutaneo,</strong></span> <span class='ocrx_word' id='word_1_55' title='bbox 794 969 1000 1020; x_wconf 83' lang='lat' dir='ltr'><strong>valvulilormes</strong></span> <span class='ocrx_word' id='word_1_56' title='bbox 1010 1009 1018 1036; x_wconf 87' lang='lat'><strong>,</strong></span> <span class='ocrx_word' id='word_1_57' title='bbox 1030 972 1118 1039; x_wconf 87' lang='lat' dir='ltr'><strong>longi-</strong></span> 
     </span>
    </p>
   </div>
   <div class='ocr_carea' id='block_1_3' title="bbox 142 1063 1197 1134">
    <p class='ocr_par' dir='ltr' id='par_1_3' title="bbox 142 1063 1197 1134">
     <span class='ocr_line' id='line_1_8' title="bbox 142 1063 1197 1134; baseline 0.001 -16"><span class='ocrx_word' id='word_1_58' title='bbox 142 1066 302 1127; x_wconf 86' lang='lat' dir='ltr'><strong>tudinales,</strong></span> <span class='ocrx_word' id='word_1_59' title='bbox 321 1073 458 1133; x_wconf 72' lang='lat' dir='ltr'><strong>angusta,</strong></span> <span class='ocrx_word' id='word_1_60' title='bbox 474 1065 602 1130; x_wconf 79' lang='lat' dir='ltr'><strong>elongatae</strong></span> <span class='ocrx_word' id='word_1_61' title='bbox 610 1100 618 1124; x_wconf 90' lang='lat'><strong>,</strong></span> <span class='ocrx_word' id='word_1_62' title='bbox 638 1063 762 1129; x_wconf 80' lang='lat' dir='ltr'><strong>subusque</strong></span> <span class='ocrx_word' id='word_1_63' title='bbox 782 1064 860 1129; x_wconf 81' lang='lat' dir='ltr'><strong>latae,</strong></span> <span class='ocrx_word' id='word_1_64' title='bbox 875 1066 981 1133; x_wconf 87' lang='lat' dir='ltr'><strong>pilosae,</strong></span> <span class='ocrx_word' id='word_1_65' title='bbox 999 1069 1117 1134; x_wconf 86' lang='lat' dir='ltr'><strong>obtusae,</strong></span> <span class='ocrx_word' id='word_1_66' title='bbox 1195 1081 1197 1091; x_wconf 82' lang='lat'>¹</span> 
     </span>
    </p>
   </div>
   <div class='ocr_carea' id='block_1_4' title="bbox 140 1155 1119 1705">
    <p class='ocr_par' dir='ltr' id='par_1_4' title="bbox 140 1155 1119 1705">
     <span class='ocr_line' id='line_1_9' title="bbox 140 1155 1116 1228; baseline 0.001 -16"><span class='ocrx_word' id='word_1_67' title='bbox 140 1161 178 1213; x_wconf 88' lang='lat' dir='ltr'><strong>ad</strong></span> <span class='ocrx_word' id='word_1_68' title='bbox 201 1162 337 1228; x_wconf 78' lang='lat' dir='ltr'><strong>margines</strong></span> <span class='ocrx_word' id='word_1_69' title='bbox 357 1160 479 1210; x_wconf 85' lang='lat' dir='ltr'><strong>internos</strong></span> <span class='ocrx_word' id='word_1_70' title='bbox 499 1155 693 1222; x_wconf 83' lang='lat' dir='ltr'><strong>conniventes,</strong></span> <span class='ocrx_word' id='word_1_71' title='bbox 716 1157 904 1226; x_wconf 86' lang='lat' dir='ltr'><strong>semituburn,</strong></span> <span class='ocrx_word' id='word_1_72' title='bbox 932 1161 1116 1228; x_wconf 86' lang='lat' dir='ltr'><strong>productum,</strong></span> 
     </span>
     <span class='ocr_line' id='line_1_10' title="bbox 140 1252 1118 1322; baseline 0.001 -14"><span class='ocrx_word' id='word_1_73' title='bbox 140 1265 264 1322; x_wconf 88' lang='lat' dir='ltr'><strong>nutans,</strong></span> <span class='ocrx_word' id='word_1_74' title='bbox 286 1255 430 1306; x_wconf 88' lang='lat' dir='ltr'><strong>efficientes</strong></span> <span class='ocrx_word' id='word_1_75' title='bbox 454 1263 481 1305; x_wconf 89' lang='lat' dir='ltr'><strong>et</strong></span> <span class='ocrx_word' id='word_1_76' title='bbox 502 1252 669 1304; x_wconf 85' lang='lat' dir='ltr'><strong>haustellum</strong></span> <span class='ocrx_word' id='word_1_77' title='bbox 690 1263 898 1321; x_wconf 88' lang='lat' dir='ltr'><strong>supertegentes.</strong></span> <span class='ocrx_word' id='word_1_78' title='bbox 914 1256 1118 1309; x_wconf 80' lang='lat' dir='ltr'><strong>Haustellume</strong></span> 
     </span>
     <span class='ocr_line' id='line_1_11' title="bbox 142 1346 1118 1421; baseline 0.004 -20"><span class='ocrx_word' id='word_1_79' title='bbox 142 1350 289 1421; x_wconf 80' lang='lat' dir='ltr'><strong>tuberculo</strong></span> <span class='ocrx_word' id='word_1_80' title='bbox 309 1357 357 1400; x_wconf 88' lang='lat' dir='ltr'><strong>aut</strong></span> <span class='ocrx_word' id='word_1_81' title='bbox 374 1349 467 1416; x_wconf 85' lang='lat' dir='ltr'><strong>stipite</strong></span> <span class='ocrx_word' id='word_1_82' title='bbox 487 1347 639 1412; x_wconf 81' lang='lat' dir='ltr'><strong>crassiore,</strong></span> <span class='ocrx_word' id='word_1_83' title='bbox 660 1346 812 1414; x_wconf 88' lang='lat' dir='ltr'><strong>cylindrico</strong></span> <span class='ocrx_word' id='word_1_84' title='bbox 832 1388 841 1416; x_wconf 88' lang='lat'><strong>,</strong></span> <span class='ocrx_word' id='word_1_85' title='bbox 859 1367 1008 1412; x_wconf 83' lang='lat' dir='ltr'><strong>enascens,</strong></span> <span class='ocrx_word' id='word_1_86' title='bbox 1030 1363 1118 1405; x_wconf 85' lang='lat' dir='ltr'><strong>setam</strong></span> 
     </span>
     <span class='ocr_line' id='line_1_12' title="bbox 142 1445 1119 1516; baseline -0.001 -17"><span class='ocrx_word' id='word_1_87' title='bbox 142 1448 277 1515; x_wconf 88' lang='lat' dir='ltr'><strong>unicam,</strong></span> <span class='ocrx_word' id='word_1_88' title='bbox 301 1446 526 1510; x_wconf 87' lang='lat' dir='ltr'><strong>crassiusculam,</strong></span> <span class='ocrx_word' id='word_1_89' title='bbox 552 1445 758 1514; x_wconf 87' lang='lat' dir='ltr'><strong>cylindricam,</strong></span> <span class='ocrx_word' id='word_1_90' title='bbox 780 1448 931 1515; x_wconf 81' lang='lat' dir='ltr'><strong>elongatam</strong></span> <span class='ocrx_word' id='word_1_91' title='bbox 952 1485 959 1511; x_wconf 94' lang='lat'>‚</span> <span class='ocrx_word' id='word_1_92' title='bbox 981 1452 1119 1516; x_wconf 85' lang='lat' dir='ltr'><strong>porrecto-</strong></span> 
     </span>
     <span class='ocr_line' id='line_1_13' title="bbox 142 1539 1117 1608; baseline -0.003 -13"><span class='ocrx_word' id='word_1_93' title='bbox 142 1551 301 1608; x_wconf 84' lang='lat' dir='ltr'><strong>arcuatam,</strong></span> <span class='ocrx_word' id='word_1_94' title='bbox 318 1549 436 1606; x_wconf 83' lang='lat' dir='ltr'><strong>acutam,</strong></span> <span class='ocrx_word' id='word_1_95' title='bbox 450 1539 590 1602; x_wconf 86' lang='lat' dir='ltr'><strong>referens,</strong></span> <span class='ocrx_word' id='word_1_96' title='bbox 608 1548 634 1590; x_wconf 88' lang='lat' dir='ltr'><strong>at</strong></span> <span class='ocrx_word' id='word_1_97' title='bbox 646 1557 739 1593; x_wconf 87' lang='lat' dir='ltr'><strong>revers</strong></span> <span class='ocrx_word' id='word_1_98' title='bbox 752 1556 767 1592; x_wconf 91' lang='lat' dir='ltr'><strong>e</strong></span> <span class='ocrx_word' id='word_1_99' title='bbox 780 1542 843 1592; x_wconf 89' lang='lat' dir='ltr'><strong>setis</strong></span> <span class='ocrx_word' id='word_1_100' title='bbox 859 1541 965 1595; x_wconf 90' lang='lat' dir='ltr'><strong>duabus</strong></span> <span class='ocrx_word' id='word_1_101' title='bbox 977 1551 1117 1608; x_wconf 75' lang='lat' dir='ltr'><strong>constans3</strong></span> 
     </span>
     <span class='ocr_line' id='line_1_14' title="bbox 143 1635 843 1705; baseline 0.004 -17"><span class='ocrx_word' id='word_1_102' title='bbox 143 1653 243 1705; x_wconf 79' lang='lat' dir='ltr'><strong>supera</strong></span> <span class='ocrx_word' id='word_1_103' title='bbox 260 1636 356 1688; x_wconf 85' lang='lat' dir='ltr'><strong>subtus</strong></span> <span class='ocrx_word' id='word_1_104' title='bbox 369 1635 502 1687; x_wconf 83' lang='lat' dir='ltr'><strong>fornicata</strong></span> <span class='ocrx_word' id='word_1_105' title='bbox 515 1643 543 1685; x_wconf 90' lang='lat' dir='ltr'><strong>et</strong></span> <span class='ocrx_word' id='word_1_106' title='bbox 554 1635 672 1687; x_wconf 87' lang='lat' dir='ltr'><strong>inferam</strong></span> <span class='ocrx_word' id='word_1_107' title='bbox 685 1637 843 1705; x_wconf 78' lang='lat' dir='ltr'><strong>recipiente.</strong></span> 
     </span>
    </p>
   </div>
   <div class='ocr_carea' id='block_1_5' title="bbox 144 1776 1194 3181">
    <p class='ocr_par' dir='ltr' id='par_1_5' title="bbox 144 1776 1194 3181">
     <span class='ocr_line' id='line_1_15' title="bbox 184 1776 1118 1848; baseline -0.004 -17"><span class='ocrx_word' id='word_1_108' title='bbox 184 1780 285 1848; x_wconf 79' lang='lat' dir='ltr'><strong>Corpus</strong></span> <span class='ocrx_word' id='word_1_109' title='bbox 313 1776 494 1842; x_wconf 87' lang='lat' dir='ltr'><strong>subovatum,</strong></span> <span class='ocrx_word' id='word_1_110' title='bbox 522 1776 694 1843; x_wconf 83' lang='lat' dir='ltr'><strong>depressum,</strong></span> <span class='ocrx_word' id='word_1_111' title='bbox 720 1776 873 1828; x_wconf 84' lang='lat' dir='ltr'><strong>abdominis</strong></span> <span class='ocrx_word' id='word_1_112' title='bbox 896 1776 1016 1829; x_wconf 86' lang='lat' dir='ltr'><strong>maxime</strong></span> <span class='ocrx_word' id='word_1_113' title='bbox 1041 1786 1118 1845; x_wconf 88' lang='lat' dir='ltr'><strong>parte</strong></span> 
     </span>
     <span class='ocr_line' id='line_1_16' title="bbox 144 1872 1121 1943; baseline 0 -17"><span class='ocrx_word' id='word_1_114' title='bbox 144 1884 274 1943; x_wconf 84' lang='lat' dir='ltr'><strong>excepta,</strong></span> <span class='ocrx_word' id='word_1_115' title='bbox 293 1882 355 1924; x_wconf 87' lang='lat' dir='ltr'><strong>cute</strong></span> <span class='ocrx_word' id='word_1_116' title='bbox 378 1873 517 1937; x_wconf 88' lang='lat' dir='ltr'><strong>coriacea,</strong></span> <span class='ocrx_word' id='word_1_117' title='bbox 542 1872 743 1933; x_wconf 89' lang='lat' dir='ltr'><strong>solidiuscula,</strong></span> <span class='ocrx_word' id='word_1_118' title='bbox 765 1873 906 1924; x_wconf 88' lang='lat' dir='ltr'><strong>vestitum.</strong></span> <span class='ocrx_word' id='word_1_119' title='bbox 937 1877 1027 1943; x_wconf 78' lang='lat' dir='ltr'><strong>Caput</strong></span> <span class='ocrx_word' id='word_1_120' title='bbox 1054 1891 1121 1943; x_wconf 68' lang='lat' dir='ltr'><strong>saepe</strong></span> 
     </span>
     <span class='ocr_line' id='line_1_17' title="bbox 144 1967 1122 2039; baseline -0.005 -13"><span class='ocrx_word' id='word_1_121' title='bbox 144 1976 257 2026; x_wconf 82' lang='lat' dir='ltr'><strong>thorace</strong></span> <span class='ocrx_word' id='word_1_122' title='bbox 273 1970 430 2039; x_wconf 84' lang='lat' dir='ltr'><strong>angustius,</strong></span> <span class='ocrx_word' id='word_1_123' title='bbox 442 1968 677 2020; x_wconf 88' lang='lat' dir='ltr'><strong>suborbiculstum</strong></span> <span class='ocrx_word' id='word_1_124' title='bbox 689 1989 696 2033; x_wconf 72' lang='grc' dir='ltr'><strong>ς</strong></span> <span class='ocrx_word' id='word_1_125' title='bbox 709 1967 795 2018; x_wconf 90' lang='lat' dir='ltr'><strong>oculis</strong></span> <span class='ocrx_word' id='word_1_126' title='bbox 807 1969 966 2019; x_wconf 87' lang='lat' dir='ltr'><strong>lateralibus</strong></span> <span class='ocrx_word' id='word_1_127' title='bbox 978 2008 985 2033; x_wconf 88' lang='lat'><em>‚</em></span> <span class='ocrx_word' id='word_1_128' title='bbox 1004 1971 1122 2021; x_wconf 89' lang='lat' dir='ltr'><strong>subova-</strong></span> 
     </span>
     <span class='ocr_line' id='line_1_18' title="bbox 144 2060 1119 2131; baseline -0.004 -13"><span class='ocrx_word' id='word_1_129' title='bbox 144 2067 246 2129; x_wconf 89' lang='lat' dir='ltr'><strong>libus,</strong></span> <span class='ocrx_word' id='word_1_130' title='bbox 269 2064 425 2127; x_wconf 83' lang='lat' dir='ltr'><strong>immersis,</strong></span> <span class='ocrx_word' id='word_1_131' title='bbox 442 2061 607 2112; x_wconf 83' lang='lat' dir='ltr'><strong>distantibus</strong></span> <span class='ocrx_word' id='word_1_132' title='bbox 625 2098 632 2126; x_wconf 89' lang='lat'>‚</span> <span class='ocrx_word' id='word_1_133' title='bbox 655 2060 817 2127; x_wconf 82' lang='lat' dir='ltr'><strong>quandoque</strong></span> <span class='ocrx_word' id='word_1_134' title='bbox 838 2062 887 2112; x_wconf 86' lang='lat' dir='ltr'><strong>vix</strong></span> <span class='ocrx_word' id='word_1_135' title='bbox 908 2063 1094 2114; x_wconf 88' lang='lat' dir='ltr'><strong>discernendis</strong></span> <span class='ocrx_word' id='word_1_136' title='bbox 1110 2086 1119 2131; x_wconf 72' lang='grc' dir='ltr'><strong>ς</strong></span> 
     </span>
     <span class='ocr_line' id='line_1_19' title="bbox 146 2153 1119 2223; baseline -0.003 -12"><span class='ocrx_word' id='word_1_137' title='bbox 146 2159 240 2211; x_wconf 88' lang='lat' dir='ltr'><strong>ocellis</strong></span> <span class='ocrx_word' id='word_1_138' title='bbox 266 2158 351 2208; x_wconf 86' lang='lat' dir='ltr'><strong>nullis</strong></span> <span class='ocrx_word' id='word_1_139' title='bbox 365 2165 423 2215; x_wconf 43' lang='lat' dir='ltr'><strong>,sut</strong></span> <span class='ocrx_word' id='word_1_140' title='bbox 443 2155 474 2204; x_wconf 91' lang='lat' dir='ltr'><strong>in</strong></span> <span class='ocrx_word' id='word_1_141' title='bbox 493 2153 620 2222; x_wconf 87' lang='lat' dir='ltr'><strong>plurimis</strong></span> <span class='ocrx_word' id='word_1_142' title='bbox 645 2154 835 2205; x_wconf 88' lang='lat' dir='ltr'><strong>deficientibus</strong></span> <span class='ocrx_word' id='word_1_143' title='bbox 861 2155 904 2206; x_wconf 88' lang='lat' dir='ltr'><strong>vel</strong></span> <span class='ocrx_word' id='word_1_144' title='bbox 926 2156 1119 2223; x_wconf 89' lang='lat' dir='ltr'><strong>inconspiouis.</strong></span> 
     </span>
     <span class='ocr_line' id='line_1_20' title="bbox 148 2248 1120 2325; baseline -0.006 -21"><span class='ocrx_word' id='word_1_145' title='bbox 148 2256 271 2325; x_wconf 58' lang='lat' dir='ltr'><strong>Pusaeus</strong></span> <span class='ocrx_word' id='word_1_146' title='bbox 287 2248 534 2317; x_wconf 86' lang='lat' dir='ltr'><strong>subtrapeziformis</strong></span> <span class='ocrx_word' id='word_1_147' title='bbox 559 2257 587 2300; x_wconf 91' lang='lat' dir='ltr'><strong>et</strong></span> <span class='ocrx_word' id='word_1_148' title='bbox 604 2248 693 2299; x_wconf 84' lang='lat' dir='ltr'><strong>antiss</strong></span> <span class='ocrx_word' id='word_1_149' title='bbox 716 2249 796 2315; x_wconf 90' lang='lat' dir='ltr'><strong>paulo</strong></span> <span class='ocrx_word' id='word_1_150' title='bbox 815 2249 968 2316; x_wconf 86' lang='lat' dir='ltr'><strong>angustior,</strong></span> <span class='ocrx_word' id='word_1_151' title='bbox 990 2250 1034 2298; x_wconf 93' lang='lat' dir='ltr'><strong>vel</strong></span> <span class='ocrx_word' id='word_1_152' title='bbox 1047 2265 1120 2317; x_wconf 84' lang='lat' dir='ltr'><strong>que-</strong></span> 
     </span>
     <span class='ocr_line' id='line_1_21' title="bbox 146 2346 1122 2414; baseline -0.004 -12"><span class='ocrx_word' id='word_1_153' title='bbox 146 2350 257 2413; x_wconf 85' lang='lat' dir='ltr'><strong>dratns,</strong></span> <span class='ocrx_word' id='word_1_154' title='bbox 267 2348 342 2399; x_wconf 86' lang='lat' dir='ltr'><strong>linea</strong></span> <span class='ocrx_word' id='word_1_155' title='bbox 356 2347 485 2414; x_wconf 91' lang='lat' dir='ltr'><strong>impressa</strong></span> <span class='ocrx_word' id='word_1_156' title='bbox 495 2383 503 2410; x_wconf 95' lang='lat'><strong>,</strong></span> <span class='ocrx_word' id='word_1_157' title='bbox 512 2356 678 2409; x_wconf 86' lang='lat' dir='ltr'><strong>transversa,</strong></span> <span class='ocrx_word' id='word_1_158' title='bbox 692 2346 791 2413; x_wconf 92' lang='lat' dir='ltr'><strong>postice</strong></span> <span class='ocrx_word' id='word_1_159' title='bbox 801 2348 896 2414; x_wconf 85' lang='lat' dir='ltr'><strong>saepius</strong></span> <span class='ocrx_word' id='word_1_160' title='bbox 911 2357 1037 2414; x_wconf 76' lang='lat' dir='ltr'><strong>notetus,</strong></span> <span class='ocrx_word' id='word_1_161' title='bbox 1050 2364 1122 2398; x_wconf 85' lang='lat' dir='ltr'><strong>mar·</strong></span> 
     </span>
     <span class='ocr_line' id='line_1_22' title="bbox 147 2441 1194 2514; baseline -0.002 -18"><span class='ocrx_word' id='word_1_162' title='bbox 147 2447 212 2514; x_wconf 84' lang='lat' dir='ltr'><strong>gine</strong></span> <span class='ocrx_word' id='word_1_163' title='bbox 227 2445 317 2495; x_wconf 89' lang='lat' dir='ltr'><strong>antico</strong></span> <span class='ocrx_word' id='word_1_164' title='bbox 334 2442 366 2493; x_wconf 92' lang='lat' dir='ltr'><strong>in</strong></span> <span class='ocrx_word' id='word_1_165' title='bbox 383 2442 479 2493; x_wconf 90' lang='lat' dir='ltr'><strong>multis</strong></span> <span class='ocrx_word' id='word_1_166' title='bbox 494 2451 643 2492; x_wconf 89' lang='lat' dir='ltr'><strong>retrorsum</strong></span> <span class='ocrx_word' id='word_1_167' title='bbox 657 2450 767 2492; x_wconf 85' lang='lat' dir='ltr'><strong>arcuato</strong></span> <span class='ocrx_word' id='word_1_168' title='bbox 785 2459 831 2492; x_wconf 90' lang='lat' dir='ltr'><strong>seu</strong></span> <span class='ocrx_word' id='word_1_169' title='bbox 850 2458 967 2493; x_wconf 87' lang='lat' dir='ltr'><strong>concavo</strong></span> <span class='ocrx_word' id='word_1_170' title='bbox 985 2453 1012 2495; x_wconf 89' lang='lat' dir='ltr'><strong>et</strong></span> <span class='ocrx_word' id='word_1_171' title='bbox 1026 2441 1122 2511; x_wconf 91' lang='lat' dir='ltr'><strong>capitis</strong></span> <span class='ocrx_word' id='word_1_172' title='bbox 1188 2460 1194 2471; x_wconf 51' lang='lat'><strong>⁸</strong></span> 
     </span>
     <span class='ocr_line' id='line_1_23' title="bbox 149 2539 1120 2612; baseline -0.003 -17"><span class='ocrx_word' id='word_1_173' title='bbox 149 2543 302 2612; x_wconf 86' lang='lat' dir='ltr'><strong>marginem</strong></span> <span class='ocrx_word' id='word_1_174' title='bbox 325 2541 460 2608; x_wconf 86' lang='lat' dir='ltr'><strong>posticum</strong></span> <span class='ocrx_word' id='word_1_175' title='bbox 486 2539 657 2607; x_wconf 74' lang='lat' dir='ltr'><strong>excipiente,</strong></span> <span class='ocrx_word' id='word_1_176' title='bbox 681 2541 806 2606; x_wconf 88' lang='lat' dir='ltr'><strong>stigmata</strong></span> <span class='ocrx_word' id='word_1_177' title='bbox 830 2549 948 2607; x_wconf 86' lang='lat' dir='ltr'><strong>quatuor</strong></span> <span class='ocrx_word' id='word_1_178' title='bbox 967 2540 1120 2607; x_wconf 66' lang='lat' dir='ltr'><strong>distinctu,</strong></span> 
     </span>
     <span class='ocr_line' id='line_1_24' title="bbox 149 2631 1123 2704; baseline -0.003 -15"><span class='ocrx_word' id='word_1_179' title='bbox 149 2637 257 2690; x_wconf 88' lang='lat' dir='ltr'><strong>duobus</strong></span> <span class='ocrx_word' id='word_1_180' title='bbox 284 2635 319 2684; x_wconf 89' lang='lat' dir='ltr'><strong>ad</strong></span> <span class='ocrx_word' id='word_1_181' title='bbox 343 2633 455 2700; x_wconf 91' lang='lat' dir='ltr'><strong>angulos</strong></span> <span class='ocrx_word' id='word_1_182' title='bbox 478 2633 595 2696; x_wconf 90' lang='lat' dir='ltr'><strong>anticos,</strong></span> <span class='ocrx_word' id='word_1_183' title='bbox 614 2632 675 2683; x_wconf 91' lang='lat' dir='ltr'><strong>aliis</strong></span> <span class='ocrx_word' id='word_1_184' title='bbox 699 2632 819 2704; x_wconf 88' lang='lat' dir='ltr'><strong>posticis.</strong></span> <span class='ocrx_word' id='word_1_185' title='bbox 848 2631 933 2699; x_wconf 77' lang='lat' dir='ltr'><strong>Atoe,</strong></span> <span class='ocrx_word' id='word_1_186' title='bbox 955 2634 1073 2686; x_wconf 73' lang='lat' dir='ltr'><strong>balterus</strong></span> <span class='ocrx_word' id='word_1_187' title='bbox 1094 2643 1123 2686; x_wconf 86' lang='lat' dir='ltr'><strong>et</strong></span> 
     </span>
     <span class='ocr_line' id='line_1_25' title="bbox 148 2725 1120 2802; baseline -0.003 -20"><span class='ocrx_word' id='word_1_188' title='bbox 148 2726 301 2802; x_wconf 81' lang='lat' dir='ltr'><strong>squamuloe</strong></span> <span class='ocrx_word' id='word_1_189' title='bbox 317 2727 397 2777; x_wconf 91' lang='lat' dir='ltr'><strong>modo</strong></span> <span class='ocrx_word' id='word_1_190' title='bbox 417 2735 558 2790; x_wconf 84' lang='lat' dir='ltr'><strong>extantes,</strong></span> <span class='ocrx_word' id='word_1_191' title='bbox 578 2725 659 2776; x_wconf 91' lang='lat' dir='ltr'><strong>modo</strong></span> <span class='ocrx_word' id='word_1_192' title='bbox 677 2725 832 2776; x_wconf 85' lang='lat' dir='ltr'><strong>deficientes</strong></span> <span class='ocrx_word' id='word_1_193' title='bbox 839 2725 910 2791; x_wconf 50' lang='lat' dir='ltr'><strong>,alas</strong></span> <span class='ocrx_word' id='word_1_194' title='bbox 921 2725 1120 2793; x_wconf 80' lang='lat' dir='ltr'><strong>horizontales,</strong></span> 
     </span>
     <span class='ocr_line' id='line_1_26' title="bbox 149 2820 1120 2892; baseline -0.004 -15"><span class='ocrx_word' id='word_1_195' title='bbox 149 2825 306 2877; x_wconf 73' lang='lat' dir='ltr'><strong>divaricatio</strong></span> <span class='ocrx_word' id='word_1_196' title='bbox 323 2831 371 2872; x_wconf 87' lang='lat' dir='ltr'><strong>aut</strong></span> <span class='ocrx_word' id='word_1_197' title='bbox 391 2820 647 2886; x_wconf 75' lang='lat' dir='ltr'><strong>subincumbentes3</strong></span> <span class='ocrx_word' id='word_1_198' title='bbox 668 2820 768 2871; x_wconf 83' lang='lat' dir='ltr'><strong>cellula</strong></span> <span class='ocrx_word' id='word_1_199' title='bbox 788 2821 949 2873; x_wconf 86' lang='lat' dir='ltr'><strong>mediastina</strong></span> <span class='ocrx_word' id='word_1_200' title='bbox 969 2823 1098 2875; x_wconf 82' lang='lat' dir='ltr'><strong>distincta</strong></span> <span class='ocrx_word' id='word_1_201' title='bbox 1109 2863 1120 2892; x_wconf 84' lang='lat'><strong>,</strong></span> 
     </span>
     <span class='ocr_line' id='line_1_27' title="bbox 150 2907 1153 2988; baseline -0.001 -16"><span class='ocrx_word' id='word_1_202' title='bbox 150 2920 356 2988; x_wconf 84' lang='lat' dir='ltr'><strong>angustissima,</strong></span> <span class='ocrx_word' id='word_1_203' title='bbox 370 2917 499 2982; x_wconf 67' lang='lat' dir='ltr'><strong>linearis,</strong></span> <span class='ocrx_word' id='word_1_204' title='bbox 518 2916 617 2966; x_wconf 87' lang='lat' dir='ltr'><strong>cellula</strong></span> <span class='ocrx_word' id='word_1_205' title='bbox 633 2915 792 2983; x_wconf 85' lang='lat' dir='ltr'><strong>marginalis</strong></span> <span class='ocrx_word' id='word_1_206' title='bbox 810 2925 838 2967; x_wconf 86' lang='lat' dir='ltr'><strong>et</strong></span> <span class='ocrx_word' id='word_1_207' title='bbox 856 2917 1063 2985; x_wconf 82' lang='lat' dir='ltr'><strong>submerginalia</strong></span> <span class='ocrx_word' id='word_1_208' title='bbox 1076 2938 1121 2987; x_wconf 84' lang='lat' dir='ltr'><strong>pa·</strong></span> <span class='ocrx_word' id='word_1_209' title='bbox 1151 2907 1153 2911; x_wconf 14' lang='grc' dir='ltr'><em>Α</em></span> 
     </span>
     <span class='ocr_line' id='line_1_28' title="bbox 151 3010 1122 3081; baseline -0.005 -11"><span class='ocrx_word' id='word_1_210' title='bbox 151 3017 220 3070; x_wconf 86' lang='lat' dir='ltr'><strong>riter</strong></span> <span class='ocrx_word' id='word_1_211' title='bbox 234 3016 379 3081; x_wconf 72' lang='lat' dir='ltr'><strong>elongata,</strong></span> <span class='ocrx_word' id='word_1_212' title='bbox 399 3012 591 3078; x_wconf 85' lang='lat' dir='ltr'><strong>angustissimae</strong></span> <span class='ocrx_word' id='word_1_213' title='bbox 602 3048 609 3075; x_wconf 93' lang='lat'><strong>,</strong></span> <span class='ocrx_word' id='word_1_214' title='bbox 622 3010 757 3075; x_wconf 83' lang='lat' dir='ltr'><strong>lineares,</strong></span> <span class='ocrx_word' id='word_1_215' title='bbox 774 3013 877 3078; x_wconf 89' lang='lat' dir='ltr'><strong>apicem</strong></span> <span class='ocrx_word' id='word_1_216' title='bbox 893 3013 940 3064; x_wconf 79' lang='lat' dir='ltr'><strong>alas</strong></span> <span class='ocrx_word' id='word_1_217' title='bbox 961 3031 1016 3063; x_wconf 91' lang='lat' dir='ltr'><strong>non</strong></span> <span class='ocrx_word' id='word_1_218' title='bbox 1030 3015 1122 3065; x_wconf 86' lang='lat' dir='ltr'><strong>attin·-</strong></span> 
     </span>
     <span class='ocr_line' id='line_1_29' title="bbox 151 3106 1120 3181; baseline -0.002 -17"><span class='ocrx_word' id='word_1_219' title='bbox 151 3120 244 3181; x_wconf 85' lang='lat' dir='ltr'><strong>gentes</strong></span> <span class='ocrx_word' id='word_1_220' title='bbox 254 3127 332 3178; x_wconf 84' lang='lat' dir='ltr'><strong>;area</strong></span> <span class='ocrx_word' id='word_1_221' title='bbox 346 3107 625 3160; x_wconf 87' lang='lat' dir='ltr'><strong>intermediacellulis</strong></span> <span class='ocrx_word' id='word_1_222' title='bbox 639 3106 744 3158; x_wconf 88' lang='lat' dir='ltr'><strong>duabus</strong></span> <span class='ocrx_word' id='word_1_223' title='bbox 760 3107 968 3171; x_wconf 85' lang='lat' dir='ltr'><strong>discoidalibus,</strong></span> <span class='ocrx_word' id='word_1_224' title='bbox 981 3108 1120 3176; x_wconf 82' lang='lat' dir='ltr'><strong>perfectis,</strong></span> 
     </span>
    </p>
   </div>
   <div class='ocr_carea' id='block_1_6' title="bbox 151 3196 1121 3367">
    <p class='ocr_par' dir='ltr' id='par_1_6' title="bbox 151 3196 1121 3367">
     <span class='ocr_line' id='line_1_30' title="bbox 151 3196 1120 3275; baseline -0.001 -19"><span class='ocrx_word' id='word_1_225' title='bbox 151 3207 290 3275; x_wconf 80' lang='lat' dir='ltr'><strong>angustis,</strong></span> <span class='ocrx_word' id='word_1_226' title='bbox 312 3214 424 3256; x_wconf 84' lang='lat' dir='ltr'><strong>externa</strong></span> <span class='ocrx_word' id='word_1_227' title='bbox 436 3204 576 3271; x_wconf 80' lang='lat' dir='ltr'><strong>longiore3</strong></span> <span class='ocrx_word' id='word_1_228' title='bbox 590 3204 711 3270; x_wconf 86' lang='lat' dir='ltr'><strong>ejusdem</strong></span> <span class='ocrx_word' id='word_1_229' title='bbox 726 3220 792 3253; x_wconf 86' lang='lat' dir='ltr'><strong>areae</strong></span> <span class='ocrx_word' id='word_1_230' title='bbox 812 3218 872 3270; x_wconf 89' lang='lat' dir='ltr'><strong>pars</strong></span> <span class='ocrx_word' id='word_1_231' title='bbox 891 3196 992 3270; x_wconf 81' lang='lat' dir='ltr'><strong>postica</strong></span> <span class='ocrx_word' id='word_1_232' title='bbox 1012 3208 1120 3260; x_wconf 79' lang='lat' dir='ltr'><strong>cellulis</strong></span> 
     </span>
     <span class='ocr_line' id='line_1_31' title="bbox 151 3274 1121 3367; baseline 0 -16"><span class='ocrx_word' id='word_1_233' title='bbox 151 3300 251 3364; x_wconf 90' lang='lat' dir='ltr'><strong>tribus,</strong></span> <span class='ocrx_word' id='word_1_234' title='bbox 261 3298 440 3367; x_wconf 84' lang='lat' dir='ltr'><strong>imperfectis,</strong></span> <span class='ocrx_word' id='word_1_235' title='bbox 453 3294 615 3346; x_wconf 87' lang='lat' dir='ltr'><strong>abbreviatis</strong></span> <span class='ocrx_word' id='word_1_236' title='bbox 629 3296 672 3345; x_wconf 85' lang='lat' dir='ltr'><strong>vel</strong></span> <span class='ocrx_word' id='word_1_237' title='bbox 683 3294 883 3355; x_wconf 87' lang='lat' dir='ltr'><strong>terminalibus,</strong></span> <span class='ocrx_word' id='word_1_238' title='bbox 894 3296 1026 3361; x_wconf 84' lang='lat' dir='ltr'><strong>gradatim</strong></span> <span class='ocrx_word' id='word_1_239' title='bbox 1037 3274 1121 3352; x_wconf 89' lang='lat' dir='ltr'><strong>latio-</strong></span> 
     </span>
    </p>
   </div>
   <div class='ocr_carea' id='block_1_7' title="bbox 151 3392 1122 3847">
    <p class='ocr_par' dir='ltr' id='par_1_7' title="bbox 151 3392 1122 3847">
     <span class='ocr_line' id='line_1_32' title="bbox 152 3392 1120 3462; baseline 0 -13"><span class='ocrx_word' id='word_1_240' title='bbox 152 3398 255 3460; x_wconf 89' lang='lat' dir='ltr'><strong>ribus,</strong></span> <span class='ocrx_word' id='word_1_241' title='bbox 278 3403 430 3462; x_wconf 79' lang='lat' dir='ltr'><strong>ocoupata3</strong></span> <span class='ocrx_word' id='word_1_242' title='bbox 452 3392 534 3444; x_wconf 84' lang='lat' dir='ltr'><strong>tertis</strong></span> <span class='ocrx_word' id='word_1_243' title='bbox 554 3392 674 3457; x_wconf 79' lang='lat' dir='ltr'><strong>majore,</strong></span> <span class='ocrx_word' id='word_1_244' title='bbox 693 3392 797 3442; x_wconf 89' lang='lat' dir='ltr'><strong>cellulae</strong></span> <span class='ocrx_word' id='word_1_245' title='bbox 817 3393 891 3443; x_wconf 88' lang='lat' dir='ltr'><strong>anali</strong></span> <span class='ocrx_word' id='word_1_246' title='bbox 911 3394 1050 3462; x_wconf 79' lang='lat' dir='ltr'><strong>subiecta3</strong></span> <span class='ocrx_word' id='word_1_247' title='bbox 1068 3397 1120 3449; x_wconf 90' lang='lat' dir='ltr'><strong>bac</strong></span> 
     </span>
     <span class='ocr_line' id='line_1_33' title="bbox 152 3488 1122 3560; baseline -0.003 -13"><span class='ocrx_word' id='word_1_248' title='bbox 152 3495 255 3558; x_wconf 87' lang='lat' dir='ltr'><strong>brevi,</strong></span> <span class='ocrx_word' id='word_1_249' title='bbox 276 3493 391 3560; x_wconf 87' lang='lat' dir='ltr'><strong>trigona.</strong></span> <span class='ocrx_word' id='word_1_250' title='bbox 417 3491 559 3543; x_wconf 83' lang='lat' dir='ltr'><strong>Abdomen</strong></span> <span class='ocrx_word' id='word_1_251' title='bbox 583 3491 691 3553; x_wconf 88' lang='lat' dir='ltr'><strong>latum,</strong></span> <span class='ocrx_word' id='word_1_252' title='bbox 714 3488 906 3555; x_wconf 88' lang='lat' dir='ltr'><strong>subtrigonum</strong></span> <span class='ocrx_word' id='word_1_253' title='bbox 926 3491 970 3545; x_wconf 86' lang='lat' dir='ltr'><strong>vel</strong></span> <span class='ocrx_word' id='word_1_254' title='bbox 990 3492 1122 3545; x_wconf 89' lang='lat' dir='ltr'><strong>suborbi-</strong></span> 
     </span>
     <span class='ocr_line' id='line_1_34' title="bbox 151 3583 1119 3654; baseline -0.003 -11"><span class='ocrx_word' id='word_1_255' title='bbox 151 3592 293 3650; x_wconf 85' lang='lat' dir='ltr'><strong>culatum,</strong></span> <span class='ocrx_word' id='word_1_256' title='bbox 307 3588 531 3652; x_wconf 84' lang='lat' dir='ltr'><strong>distendendum,</strong></span> <span class='ocrx_word' id='word_1_257' title='bbox 552 3603 633 3654; x_wconf 88' lang='lat' dir='ltr'><strong>supra</strong></span> <span class='ocrx_word' id='word_1_258' title='bbox 646 3586 679 3635; x_wconf 94' lang='lat' dir='ltr'><strong>ad</strong></span> <span class='ocrx_word' id='word_1_259' title='bbox 690 3583 768 3634; x_wconf 88' lang='lat' dir='ltr'><strong>basin</strong></span> <span class='ocrx_word' id='word_1_260' title='bbox 782 3593 933 3635; x_wconf 86' lang='lat' dir='ltr'><strong>transverse</strong></span> <span class='ocrx_word' id='word_1_261' title='bbox 947 3587 1119 3653; x_wconf 78' lang='lat' dir='ltr'><strong>coriaceum,</strong></span> 
     </span>
     <span class='ocr_line' id='line_1_35' title="bbox 153 3677 1121 3749; baseline -0.002 -14"><span class='ocrx_word' id='word_1_262' title='bbox 153 3684 230 3735; x_wconf 84' lang='lat' dir='ltr'><strong>ultra</strong></span> <span class='ocrx_word' id='word_1_263' title='bbox 244 3682 343 3742; x_wconf 91' lang='lat' dir='ltr'><strong>molle,</strong></span> <span class='ocrx_word' id='word_1_264' title='bbox 362 3681 534 3749; x_wconf 89' lang='lat' dir='ltr'><strong>spongiosum</strong></span> <span class='ocrx_word' id='word_1_265' title='bbox 553 3688 580 3731; x_wconf 84' lang='lat' dir='ltr'><strong>et</strong></span> <span class='ocrx_word' id='word_1_266' title='bbox 601 3678 673 3729; x_wconf 82' lang='lat' dir='ltr'><strong>infra</strong></span> <span class='ocrx_word' id='word_1_267' title='bbox 692 3679 785 3729; x_wconf 87' lang='lat' dir='ltr'><strong>saltem</strong></span> <span class='ocrx_word' id='word_1_268' title='bbox 803 3677 1018 3730; x_wconf 84' lang='lat' dir='ltr'><strong>inarticulatum.</strong></span> <span class='ocrx_word' id='word_1_269' title='bbox 1035 3682 1121 3733; x_wconf 80' lang='lat' dir='ltr'><strong>Pedes</strong></span> 
     </span>
     <span class='ocr_line' id='line_1_36' title="bbox 154 3769 1120 3847; baseline -0.008 -19"><span class='ocrx_word' id='word_1_270' title='bbox 154 3777 269 3838; x_wconf 87' lang='lat' dir='ltr'><strong>breves,</strong></span> <span class='ocrx_word' id='word_1_271' title='bbox 287 3773 386 3841; x_wconf 86' lang='lat' dir='ltr'><strong>crassi,</strong></span> <span class='ocrx_word' id='word_1_272' title='bbox 405 3773 527 3841; x_wconf 70' lang='lat' dir='ltr'><strong>extensi,</strong></span> <span class='ocrx_word' id='word_1_273' title='bbox 546 3772 632 3826; x_wconf 87' lang='lat' dir='ltr'><strong>antici</strong></span> <span class='ocrx_word' id='word_1_274' title='bbox 650 3772 705 3847; x_wconf 83' lang='lat' dir='ltr'><strong>duo</strong></span> <span class='ocrx_word' id='word_1_275' title='bbox 721 3770 755 3823; x_wconf 85' lang='lat' dir='ltr'><strong>ab</strong></span> <span class='ocrx_word' id='word_1_276' title='bbox 775 3769 836 3822; x_wconf 82' lang='lat' dir='ltr'><strong>aliis</strong></span> <span class='ocrx_word' id='word_1_277' title='bbox 853 3769 970 3833; x_wconf 86' lang='lat' dir='ltr'><strong>remoti,</strong></span> <span class='ocrx_word' id='word_1_278' title='bbox 989 3773 1044 3824; x_wconf 83' lang='lat' dir='ltr'><strong>fers</strong></span> <span class='ocrx_word' id='word_1_279' title='bbox 1068 3774 1120 3823; x_wconf 76' lang='lat' dir='ltr'><strong>cub</strong></span> 
     </span>
    </p>
   </div>
   <div class='ocr_carea' id='block_1_8' title="bbox 227 3877 931 4018">
    <p class='ocr_par' dir='ltr' id='par_1_8' title="bbox 227 3877 931 4018">
     <span class='ocr_line' id='line_1_37' title="bbox 227 3877 931 4018; baseline -0.009 -60"><span class='ocrx_word' id='word_1_280' title='bbox 227 3883 290 3978; x_wconf 84' lang='lat' dir='ltr'><strong>IV.</strong></span> <span class='ocrx_word' id='word_1_281' title='bbox 660 3925 661 3928; x_wconf 18' lang='grc' dir='ltr'><strong><em>κ</em></strong></span> <span class='ocrx_word' id='word_1_282' title='bbox 883 3877 931 4018; x_wconf 53' lang='lat'><strong>{⁶</strong></span> 
     </span>
    </p>
   </div>
   <div class='ocr_carea' id='block_1_9' title="bbox 0 0 1291 4530">
    <p class='ocr_par' dir='ltr' id='par_1_9' title="bbox 0 0 1291 4530">
     <span class='ocr_line' id='line_1_38' title="bbox 0 0 1291 4530; baseline 0 0"><span class='ocrx_word' id='word_1_283' title='bbox 0 0 1291 4530; x_wconf 95' lang='lat' dir='ltr'><strong> </strong></span> 
     </span>
    </p>
   </div>
  </div>
 </body>
</html>
